3025 5009
230 470 293 538 190

506 449 546 515 P.
576 449 756 517 OVIDII
778 450 1004 520 bASONIS

272 588 458 687 Armaque,
477 606 511 660 et
527 587 569 660 ad
587 607 696 664 certos
711 589 811 663 verba
829 589 975 664 canenda
990 591 1120 666 modos.

224 709 312 781 Turn
329 708 376 780 sio
394 707 604 782 Mamurius:
623 709 753 782 Memes
770 708 853 782 mibi
872 707 977 804 gloria
994 709 1109 800 detur,
1130 735 1133 746 ·

272 821 483 922 Nominaque
500 839 647 895 extremo
665 821 808 894 carmine
825 840 940 896 nostra
956 842 1086 898 sonent.

1246 850 1297 919 390

223 934 305 1008 Inde
322 935 508 1009 sacerdotes
524 935 617 1036 operi
632 936 799 1036 promissa
814 953 947 1010 vetusto

272 1049 409 1122 Praemia
427 1049 640 1150 persolvunt,
660 1049 930 1152 Mamuriumque
947 1071 1075 1128 vocant.

222 1161 358 1235 Nubere
376 1163 405 1235 si
423 1191 490 1263 qua
506 1162 617 1250 voles,
638 1164 788 1263 quamvis
803 1165 1029 1265 properabitis
1043 1167 1162 1256 ambo,

271 1280 401 1354 Differ:
417 1281 543 1354 babent
558 1309 666 1382 parve
683 1283 858 1356 commoda
875 1312 994 1380 magna
1010 1315 1118 1360 mora.

223 1401 324 1474 Arma
340 1418 473 1474 movent
489 1429 636 1500 pugnam
652 1430 659 1472 :
676 1429 789 1500 pugna
805 1417 855 1474 est
869 1400 977 1478 aliena
994 1404 1121 1478 maritis
1136 1432 1144 1492 ;
1244 1381 1297 1494 aqi

270 1514 416 1589 Condita
433 1543 538 1615 quum
556 1514 699 1601 luerint,
717 1514 829 1615 aptius
847 1543 944 1591 omen
962 1517 1034 1591 erit.

221 1634 286 1706 His
303 1633 402 1707 etiam
419 1633 540 1730 conjux
556 1633 678 1733 apicati
693 1633 802 1708 cincta
818 1632 924 1707 Dialis

270 1749 419 1822 Lucibos
436 1749 583 1849 imperas
600 1749 700 1823 debet
714 1749 839 1824 babere
857 1780 977 1826 comas.
1018 1823 1020 1831 s

220 1869 358 1939 Tssltttt
374 1895 442 1938 uox
460 1895 584 1940 emersa
599 1895 678 1940 suos
694 1866 753 1939 ubi
769 1869 909 1942 moverit
927 1871 1039 1964 ignes3

272 1983 438 2056 Conditus
455 2012 474 2056 e
491 1983 633 2078 geminis
649 1982 803 2058 Piscibus
820 1984 903 2059 alter
922 1986 993 2058 erit.

1241 2008 1293 2076 400

219 2102 306 2172 Nam
322 2098 389 2172 duo
409 2115 510 2172 sont:
526 2099 648 2172 austris
663 2098 718 2170 bie
734 2115 804 2185 est,
822 2099 1038 2199 aquilonibus
1054 2096 1110 2172 ille

267 2215 445 2288 Proximus
461 2244 468 2287 :
487 2245 505 2287 a
520 2233 616 2288 vento
634 2244 757 2288 nomeu
774 2232 913 2314 uterque
929 2231 1027 2288 tenet.

220 2332 340 2429 Quum
357 2329 481 2405 croceis
496 2360 608 2405 rorare
625 2331 892 2432 genislTithonio
912 2332 1034 2428 conjux

218 2504 387 2568 vienne-Ad
397 2505 468 2558 tibiae
479 2507 568 2557 modos
578 2504 670 2557 citatos
680 2523 729 2556 ar-

218 2583 284 2637 mati
296 2583 432 2647 saltabant,
444 2581 525 2633 modo
534 2600 628 2634 omnes
638 2582 727 2645 simul,

219 2662 301 2714 modo
312 2681 360 2732 per
373 2661 457 2725 vices,
469 2673 547 2731 atque
558 2667 728 2714 carmiuare-

217 2741 325 2794 nebant.
333 2739 458 2794 instructi
466 2748 542 2791 erant
550 2738 629 2791 oeoeie
639 2749 666 2790 et
673 2739 730 2791 bal-

218 2819 267 2872 teia
277 2828 305 2871 et
316 2817 394 2886 galeis
405 2827 432 2870 et
443 2815 606 2888 tegumentis
616 2817 643 2867 iu
661 2835 728 2884 pec-

218 2909 286 2963 tore,
296 2907 375 2965 atque
381 2896 548 2965 pugionibus,
553 2894 648 2963 quibos
657 2893 729 2946 iden-

218 2975 301 3028 tidem
322 2972 415 3027 ancilia
431 2972 616 3042 pulsarent-
629 2972 730 3024 Preter

218 3057 371 3108 Mamurium
377 3053 493 3106 seriuset
501 3052 612 3105 aliorum
619 3053 729 3104 nomina

217 3136 328 3189 carmini
341 3134 434 3188 Saliari
444 3133 545 3187 ineerta
561 3153 632 3200 esse,
652 3133 730 3188 docet

218 3212 342 3282 Neapolis
353 3211 386 3264 ad
398 3211 469 3263 bunc
480 3210 614 3264 locum.-
621 3214 714 3264 sonem
718 3228 728 3276 ,⁸

218 3294 245 3346 X
257 3292 369 3345 Metam.
380 3293 428 3342 205
440 3307 446 3341 :
458 3311 472 3334 α
486 3289 526 3340 Te
537 3289 608 3360 lyra,
627 3299 652 3341 te
665 3307 729 3342 ear-

219 3392 234 3418 »
243 3370 315 3426 mina
326 3379 415 3422 nostra
429 3369 568 3422 sonabunt.
582 3391 595 3415 r

251 3453 308 3525 393.
320 3449 424 3503 Eodem
433 3459 552 3518 tempore
565 3446 730 3501 etitersaee-

217 3552 247 3587 re
259 3531 410 3602 religiosum
420 3538 485 3582 erat.
492 3526 561 3580 Vide
572 3527 689 3596 Lipsium
700 3527 727 3578 in

217 3612 310 3681 Antiq.
322 3608 443 3673 Lectv,
458 3607 629 3660 rb-Condr'
637 3606 728 3659 ancilia

217 3689 385 3754 dicebantur,
397 3686 442 3738 ubi
460 3683 559 3752 templo
573 3683 728 3736 reddeban-

218 3778 268 3821 tor.
276 3795 309 3808 -
316 3767 426 3821 Flamen
435 3763 602 3818 Drirlr’ssolus
610 3763 669 3816 albo
680 3781 727 3831 ga-

215 3847 272 3900 lero
289 3857 334 3900 aut
346 3851 420 3915 opr’ce
434 3845 572 3914 insignitus
587 3853 659 3908 erat,
672 3861 728 3894 ne-

216 3943 267 3992 que
275 3925 331 3977 sine
338 3942 371 3976 eo
379 3923 471 3976 licebat
480 3921 504 3975 ei
511 3921 559 3974 sub
568 3920 613 3973 dio
623 3919 728 3972 versari.

779 2504 879 2574 polum.
890 2502 959 2556 Vide
971 2502 1088 2556 Gellium
1101 2503 1177 2558 Noet.
1188 2505 1243 2558 Au
1251 2506 1289 2572 X,

781 2587 820 2650 15,
830 2584 916 2652 ibique
925 2583 1095 2637 lutt-l‘linc
1106 2593 1132 2636 et
1139 2603 1210 2637 nunc
1218 2587 1291 2636 coec-

777 2673 805 2714 la
820 2675 947 2729 vocator,
967 2661 1038 2731 quod
1058 2661 1184 2714 Heinsius
1200 2671 1290 2714 tuetur

777 2741 862 2795 verbis
871 2741 1075 2796 Festizossincta
1084 2740 1290 2793 Fltaminicaves·

779 2840 792 2864 π
805 2830 828 2872 te
843 2819 932 2873 velata.
945 2841 958 2866 o
967 2820 1036 2873 Nam
1046 2817 1088 2870 alii
1099 2829 1204 2878 sancta,
1216 2819 1290 2882 copi-

777 2893 1289 2950 tisdomcraaotmtcmctaetehabene.

778 2975 840 3029 Jam
854 2976 998 3029 Flaminica
1008 2974 1096 3028 multis
1106 2973 1205 3042 legibus
1217 2983 1290 3025 tene·

778 3053 869 3121 batur,
883 3055 915 3108 de
932 3056 1024 3124 quibus
1036 3052 1136 3109 Gellius
1147 3052 1218 3106 dicto
1229 3052 1288 3104 loco

778 3145 804 3189 et
820 3135 983 3188 Sebwaraios
999 3133 1032 3186 ad
1047 3133 1181 3198 Plinium,
1194 3149 1287 3202 paneg.

778 3211 940 3278 Lxxxnt,
959 3215 981 3264 5.
994 3213 1026 3266 lo
1037 3211 1151 3274 iiaerat,
1164 3227 1198 3262 ue
1210 3207 1288 3261 certis

778 3289 939 3357 temporibus
950 3299 1027 3357 caput
1037 3297 1169 3354 comeret,
1185 3305 1288 3356 ungues

777 3376 906 3420 resecaret
918 3377 966 3421 etc.
980 3364 1082 3420 Confer
1095 3365 1150 3430 lV,
1165 3365 1221 3416 aab.

820 3447 946 3518 399—402.
962 3449 1164 3498 recreaturus
1180 3461 1288 3496 occasus

776 3529 932 3592 vespertinus
944 3523 986 3578 die
1003 3521 1112 3577 3Mart.
1124 3521 1177 3576 aive
1192 3519 1216 3568 V
1230 3521 1288 3573 No-

775 3623 830 3657 nas.
850 3603 950 3658 Sideris
972 3603 1066 3670 hujus,
1087 3619 1214 3672 magnum
1231 3600 1286 3654 caeli

776 3681 889 3750 spatium
902 3682 1069 3751 occupantia,
1086 3681 1215 3751 originem
1233 3681 1287 3733 ba-

776 3761 837 3828 bes,
851 3761 895 3827 ll,
912 3762 961 3827 458
976 3779 1031 3828 sqq.
1045 3759 1121 3812 Alter
1134 3759 1214 3813 Piscis
1229 3759 1287 3813 No-

777 3837 828 3892 tius
838 3847 963 3901 vocatur,
980 3835 1046 3890 alter
1056 3835 1158 3889 Boreue
1168 3857 1175 3900 ;
1193 3834 1286 3908 Hygi·

776 3935 842 3982 nus,
856 3916 926 3970 Astr.
942 3915 1017 3969 Poee.
1032 3914 1089 3981 ΠΙ,
1102 3931 1183 3981 xxix,
1199 3917 1240 3982 40.
1252 3941 1286 3954 -·

216 4001 359 4069 -Coojna
368 4000 426 4068 ejus
439 3999 581 4052 Flaminica
596 3997 728 4050 venenato
777 3996 804 4048 A
818 4005 899 4047 uento.
913 3993 991 4046 Unus
1009 3993 1113 4046 lleinsii
1128 4003 1154 4045 et
1174 4003 1228 4045 tres
1243 3991 1286 4044 alii

215 4078 398 4148 opertaetrica
404 4077 525 4130 redimita
533 4074 728 4145 prodibatErat
776 4090 836 4124 eum
850 4070 911 4124 edit,
929 4071 1045 4139 principe
1059 4081 1085 4123 et
1100 4069 1155 4122 aliis
1166 4089 1184 4122 a
1195 4073 1285 4123 centis.

215 4168 305 4210 autem
318 4164 465 4208 maenarum
477 4153 586 4223 pallium
601 4151 727 4204 flammeo
777 4149 842 4219 fleg.
855 4159 882 4201 et
893 4149 983 4202 Peter.
994 4159 1129 4215 armosque.
1144 4146 1284 4198 Burman-

214 4233 317 4299 colore,
328 4243 356 4286 et
364 4237 419 4285 rua
430 4230 559 4298 peculiare
569 4229 659 4298 capitia
669 4229 727 4282 cin·
775 4245 826 4281 nur
837 4227 968 4295 conjicito
978 4237 1051 4280 rento
1059 4245 1147 4294 nomen
1158 4233 1265 4292 utroque.
