3025 5009
393 492 897 591 insinuaturam.
1126 500 1187 563 ,ω

6 628 7 665 ³
109 628 169 706 llle
187 629 291 726 gemit
307 627 395 703 lecto
412 630 554 725 graviter
570 630 718 730 dejectus
734 633 778 707 ab
793 632 883 723 alto,

155 750 378 850 Membraque
396 746 436 823 de
454 748 537 823 dura
553 748 609 821 vir
625 777 685 823 sna
703 748 794 826 tollit
806 750 925 825 'hume

109 865 212 941 Ridet
228 883 262 939 et
278 864 432 954 Alcides,
455 863 565 966 etqui
581 864 692 939 videre
705 866 890 965 jacentem:

158 986 265 1060 Ridet
281 1000 460 1059 amatorem
476 983 571 1084 Lyda
585 981 696 1085 puella
712 1012 820 1056 sunm.

109 1102 212 1177 Veste
230 1098 457 1186 Deus‘lnsus,
475 1096 628 1172 fallentes
647 1097 774 1174 lumina
791 1115 899 1172 restes

157 1218 237 1290 Non
255 1234 363 1302 amat;
381 1234 415 1289 et
431 1214 542 1290 nudos
558 1214 601 1288 ad
620 1241 679 1287 sua
697 1241 789 1288 sacra
804 1233 911 1288 vocat.

109 1332 206 1407 Adde
224 1330 405 1433 peregrinae
422 1358 575 1418 eausam,
594 1358 666 1404 mea
684 1332 804 1417 Musa,
822 1332 994 1421 latinam

157 1452 266 1549 Inque
284 1474 347 1521 suo
363 1463 478 1521 noster
493 1446 629 1548 pulvere
649 1464 761 1520 currat
779 1474 895 1547 equus.
1140 1474 1192 1527 κο

112 1564 298 1667 Cornipedi
316 1565 432 1637 Fauno
449 1592 531 1638 caesa
550 1562 592 1637 dc
608 1590 701 1638 more
719 1562 864 1665 capella,

156 1681 262 1755 Venit
275 1680 317 1755 ad
333 1680 469 1777 exiguas
484 1680 584 1755 turha
600 1698 716 1755 vocata
733 1679 837 1781 dapes
853 1708 862 1768 3
882 1744 885 1748 ,

109 1801 270 1901 Dumque
285 1797 474 1873 sacerdotes
489 1796 636 1871 verubus
654 1814 823 1871 transsuta
842 1796 978 1895 salignis

159 1920 248 1992 Exta
261 1932 400 2018 parant,
418 1914 545 1989 medias
561 1900 633 1989 sole
649 1931 784 1988 tenente
798 1913 890 2002 vias,

111 2032 281 2109 Romulus
297 2050 332 2107 et
347 2031 469 2121 frater,
484 2028 731 2133 pastoralisque
748 2030 906 2130 juventus
1143 2053 1196 2107 365

111 2190 283 2255 excubantes,
294 2188 336 2242 vel
347 2186 525 2254 dormientes,
535 2186 626 2241 lumen
676 2186 825 2242 translatus.
836 2213 870 2229 ·-
882 2186 938 2240 Pro
949 2190 1084 2254 cornipedi
1091 2188 1195 2243 zulich.

111 2270 233 2336 alebant,
249 2268 320 2339 quod
332 2268 438 2341 excitati
448 2268 587 2323 inferrent.
599 2270 628 2322 Χ
675 2269 804 2332 aupaci
812 2264 906 2332 habet,
918 2264 991 2334 quod
1002 2265 1109 2336 &gans
1120 2268 1196 2321 vide-

111 2348 224 2402 Metam.
237 2347 302 2416 4733
319 2348 379 2413 xl,
396 2346 454 2419 (ipo
472 2346 543 2400 Vide
556 2346 629 2400 Dra·
676 2344 755 2398 batur
762 2342 1024 2415 Heinsiocaprinos
1032 2345 1112 2415 pedes
1119 2347 1197 2401 Fau-

111 2428 189 2482 kenb.
201 2426 235 2480 ad
245 2426 335 2490 sill,
348 2425 554 2489 tit—Visun,
567 2425 628 2494 qui-
676 2440 727 2488 no,
747 2422 855 2492 quando
874 2440 936 2475 cum
955 2424 1029 2477 Pane
1049 2423 1199 2483 confunde·

111 2505 160 2558 tu
171 2504 214 2556 vix
225 2502 266 2556 uti
278 2501 371 2572 potuit.
675 2500 773 2567 batur,
788 2520 844 2556 esee
857 2500 987 2568 trriiutos,
1002 2502 1057 2572 jam
1071 2522 1150 2573 supra
1161 2502 1195 2555 ad

143 2584 203 2654 359.
217 2580 323 2649 Quarta
340 2598 416 2633 eausa
434 2598 449 2631 a
465 2576 583 2632 Romulo
601 2588 628 2631 et
675 2598 743 2632 vers.
754 2578 915 2644 2t8,nouvi
926 2578 1034 2646 ,(unde
1044 2580 1196 2635 Simonides

111 2660 192 2713 intre
205 2658 334 2729 repetita,
349 2664 428 2728 quam
443 2674 499 2709 uon
513 2656 562 2709 nisi
578 2675 628 2708 re·
676 2655 704 2708 in
716 2655 828 2709 Anthol.
842 2658 894 2723 w,
909 2676 934 2726 p.
946 2658 1011 2724 336,
1025 2663 1194 2735 τδντραγίυυν

111 2756 172 2790 rum
184 2736 372 2790 Romanarum
381 2730 469 2788 studio
482 2731 627 2786 admiscuit.
676 2742 743 2791 Πᾶνα
756 2730 769 2803 )
784 2734 830 2788 aed
848 2739 962 2789 cervinos
976 2737 1001 2789 ei
1014 2736 1088 2791 dedit
1105 2757 1197 2791 nemo.

111 2843 144 2855 -
153 2812 230 2869 Olim
243 2812 286 2867 ed.
293 2816 435 2881 peregrim&
446 2829 542 2865 causas
552 2810 629 2862 Laii-
676 2812 770 2882 ltaque
782 2816 917 2881 cornipedi
926 2814 1097 2867 retinendum
1106 2856 1114 2881 ,
1124 2827 1152 2867 et
1163 2815 1197 2869 de

111 2911 167 2947 nas.
177 2892 233 2946 Sed
244 2892 345 2963 primus
356 2890 482 2943 Heinsius
493 2908 522 2941 ex
532 2888 628 2940 Aron·
676 2892 781 2947 corneis
802 2912 944 2962 caprorum
963 2892 1074 2962 pedibus
1092 2894 1197 2947 intelli-

111 2972 162 3026 del.
177 2972 278 3025 Macar.
295 2968 396 3023 zulich.
404 2972 541 3036 peregn'reoe
552 2986 628 3019 recc-
677 2970 803 3041 gendum.
824 2970 914 3023 Etiam
926 2989 940 3022 a
952 2970 1018 3023 Silio
1029 2971 1117 3039 xm,
1131 2974 1196 3041 327,

111 3051 165 3120 pit,
179 3060 240 3103 tum
253 3048 348 3101 Burni.
360 3066 391 3099 ex
404 3044 487 3099 Palat.
499 3054 526 3098 et
538 3044 628 3099 Petav-
676 3060 811 3103 extremus
819 3048 899 3103 Panis
912 3054 1046 3119 pectinum
1059 3071 1140 3106 comu.
1148 3070 1196 3103 vo·
1204 3094 1211 3106 ..

111 3128 193 3182 etiam
206 3146 313 3180 causam
321 3125 448 3177 Lairiramz
457 3122 528 3175 Sane
539 3163 546 3189 ,
559 3121 631 3175 Lati*
677 3128 939 3193 cature-Exiguus,
952 3146 1049 3197 nempe
1063 3130 1142 3183 unius
1155 3149 1198 3182 ca·

113 3228 178 3263 uam
190 3226 246 3261 nou
258 3207 308 3261 nisi
321 3224 403 3259 unam
413 3223 517 3259 causam
527 3203 628 3270 adfert,
677 3204 760 3275 pelle.
774 3204 890 3258 Victima
902 3224 982 3271 cm,
997 3203 1101 3259 femora
1113 3210 1197 3261 excisa

111 3284 157 3340 red
162 3290 327 3354 perquiras,
341 3282 358 3335 i.
370 3282 501 3336 eeterris
510 3281 630 3351 peregri·
677 3293 704 3336 et
720 3301 781 3335 cum
798 3283 888 3337 frustis
903 3283 1025 3353 imposita
1043 3286 1120 3355 lignis
1137 3305 1199 3339 cre-

112 3364 154 3416 nis
165 3362 279 3433 petitas,
293 3370 353 3414 tres.
365 3360 394 3414 si
407 3358 487 3430 igitur
495 3362 631 3428 peregrim
678 3361 763 3428 mari,
778 3372 804 3414 et
813 3362 916 3415 interea
927 3372 985 3414 exta
994 3364 1108 3416 verubus
1117 3362 1198 3416 infixa

111 3444 276 3508 retinemus,
287 3439 446 3505 dicendum,
458 3449 562 3510 poetam
574 3458 631 3491 res-
677 3438 789 3503 torreri,
798 3438 1197 3507 tortaquecomedisolcbant.-

113 3520 211 3589 perisse
228 3529 331 3573 tantum
345 3516 376 3570 ad
390 3528 550 3585 postremam
567 3535 631 3568 cau·
678 3514 862 3568 Posteaetiam
872 3515 979 3583 reliqum
987 3515 1101 3567 victimae
1109 3528 1197 3584 partes

111 3596 332 3666 sarm—Operam
341 3614 415 3649 suam
428 3606 512 3665 poetae
522 3613 630 3664 compa·
678 3593 706 3647 in
717 3591 799 3647 frusta
811 3594 922 3647 concise
940 3594 1055 3647 verubus
1073 3596 1197 3665 infigun-

112 3688 173 3731 rant
184 3688 215 3731 ut
221 3694 284 3731 cum
293 3674 460 3745 navigatione
471 3714 478 3741 ‚
490 3675 524 3727 ita
533 3685 631 3728 etrum
677 3684 731 3741 tur,
742 3678 1010 3740 assanturetdapidus
1017 3686 1198 3745 apponuntur.

112 3756 227 3811 decursu
243 3754 270 3807 in
287 3754 371 3808 stadio
393 3763 438 3807 aut
459 3751 551 3817 Circo;
571 3750 628 3819 IV,
678 3752 733 3805 Sed
742 3752 767 3804 h.
778 3752 793 3805 l.
805 3753 854 3805 illae
865 3763 952 3821 partes
961 3760 1073 3805 calorum
1085 3754 1195 3807 nomine

116 3853 163 3902 ιο,
176 3834 267 3899 Major
273 3852 335 3886 area
341 3837 414 3903 equis
421 3837 515 3885 nostris
526 3836 627 3893 teritur,
678 3835 951 3905 comprehenduntur.
970 3836 1125 3889 Distinctiue
1139 3837 1197 3890 Liv.

113 3912 201 3981 majus
213 3930 279 3980 opus
291 3910 425 3962 molimur.
440 3906 521 3961 cons.
535 3917 560 3960 et
574 3909 629 3973 Vl,
679 3914 710 3979 l,
724 3936 752 3983 7,
765 3935 779 3959 κ
790 3914 881 3965 Potitii
892 3914 924 3965 ad
936 3924 1040 3983 tempus
1050 3926 1145 3984 praesto
1157 3935 1198 3968 es-

114 3990 171 4043 Sffi·
180 4018 215 4031 -·
226 3992 342 4056 Aream,
356 3990 382 4041 ln
394 4007 447 4059 qua
460 3986 611 4041 decurritur
623 4026 631 4055 ,
680 4014 694 4039 u
706 4004 784 4058 sent,
799 3992 882 4061 iisque
901 4003 958 4045 exta
977 4008 1194 4064 apponerentur3

112 4088 188 4123 nnnc
194 4072 322 4137 pulcarem
334 4078 418 4121 vocat.
681 4093 695 4117 ι»
709 4070 825 4136 Pinarii,
839 4070 903 4124 extis
916 4070 1017 4138 adesis,
1031 4074 1062 4126 ad
1074 4087 1196 4126 ceteram

147 4148 205 4201 ὅθι.
217 4148 277 4217 lpsa
284 4145 438 4218 Lupercalia
448 4144 522 4201 intel.
532 4144 564 4198 de
573 4144 633 4215 qui·
681 4169 695 4194 n
708 4149 831 4199 venirent
844 4145 947 4217 dapem.
959 4172 972 4195 u
983 4179 1017 4189 -
1029 4152 1168 4203 Transsuia
1181 4170 1196 4203 e

6 4270 7 4277 ,
114 4226 163 4279 buc
171 4225 204 4279 ad
217 4246 284 4281 vers.
295 4226 446 4297 adp-Mos
454 4236 492 4278 cst
501 4225 580 4295 igitur
590 4224 631 4277 ille
679 4225 756 4277 variis
766 4224 822 4279 lect
830 4224 1145 4296 placuitHeinsio,quum
1154 4228 1197 4281 alii

117 4304 277 4376 Arcadicos,
295 4306 329 4360 ab
342 4304 470 4360 Evandro
483 4306 511 4359 in
529 4304 632 4359 ltaliam
678 4308 819 4375 tranfixa,
830 4306 872 4359 vel
881 4309 989 4375 trajecta
997 4307 1146 4377 praeferant.
