3025 5009
289 473 361 560 456
685 475 968 548 EXCURSUS

287 637 420 721 reperta
430 619 571 708 docent;
588 649 662 722 quae
673 620 813 713 nbula,
829 649 898 725 quo
908 623 1014 723 major
1023 621 1166 696 urbibus
1176 647 1252 698 cum
1261 623 1368 699 Roma

288 745 465 822 intercedit
493 747 735 838 necessitudo,
771 777 810 824 eo
842 749 985 851 propius
1013 747 1057 823 ad
1089 747 1193 824 fastos
1214 777 1369 829 romanos
1401 811 1406 818 .

286 869 458 944 accedunt.
468 871 630 946 Videmus
639 872 705 946 hoc
715 903 744 946 v.
764 904 792 948 c.
802 873 838 946 in
847 872 1077 962 Amiterninis,
1085 849 1316 961 Praenestiiris,
1332 874 1367 947 in

290 991 414 1092 quibus
428 1023 532 1095 pauca
547 995 589 1069 ad
604 995 723 1097 oppidi
742 996 887 1097 cujusvis
900 994 1057 1098 proprios
1067 997 1153 1072 ritus
1170 997 1371 1098 pertinentia

289 1135 470 1193 occurrunt
502 1128 534 1210 ¹,
559 1120 670 1198 omnia
696 1121 764 1196 scre
788 1151 866 1196 cum
889 1123 951 1211 iis,
976 1149 1065 1223 quos
1094 1123 1203 1197 Roma
1228 1121 1369 1210 habuit,

290 1242 502 1318 conveniunt.

336 1367 377 1438 In
393 1363 468 1442 aliis
484 1367 571 1440 Latii
587 1366 743 1470 populis,
762 1397 854 1470 quos
865 1367 1026 1458 Ovidius,
1041 1369 1132 1444 Fast.
1147 1371 1218 1459 ΙΙΙ,
1235 1369 1281 1472 87
1300 1399 1368 1471 seq.

286 1508 466 1580 recenset,
498 1491 622 1593 quique
651 1492 764 1566 minus
792 1521 813 1566 a
839 1494 948 1567 Roma
968 1493 1109 1595 profecti
1131 1510 1244 1583 erant,
1266 1493 1372 1569 fastos

286 1613 411 1688 abiisse
426 1614 462 1688 in
479 1613 614 1704 multis,
639 1614 691 1690 vel
709 1643 748 1691 ex
767 1615 898 1692 diverso
922 1615 1041 1690 ordine
1061 1617 1228 1692 mensium
1246 1616 1371 1691 intelli-

286 1737 379 1834 gitur
401 1739 544 1836 (conser
567 1741 738 1815 Censorin.
759 1743 795 1832 l,
825 1743 912 1835 20).
939 1737 1078 1816 Colonis
1102 1758 1219 1815 contra
1240 1740 1277 1814 in
1298 1740 1370 1841 ipsa

287 1859 495 1937 coloniarum
515 1861 737 1950 deductione,
760 1880 800 1938 ut
816 1891 909 1940 sacra
926 1863 968 1939 iis
985 1892 1062 1939 cum
1078 1864 1162 1938 urbe
1182 1863 1370 1939 communia

288 2003 418 2076 essent,
436 1984 548 2060 fastos·
558 1985 706 2061 urbanos
722 1987 865 2062 traditos
877 2015 965 2076 esse,
981 1986 1165 2089 probatum
1180 1986 1209 2062 it
1223 2005 1371 2062 veterum

286 2109 450 2184 fastorum
468 2109 632 2212 interpres
650 2110 740 2212 apud
757 2111 963 2208 Fogginium
982 2111 1051 2208 (in
1068 2111 1157 2186 iibro
1180 2109 1370 2200 laudando,

286 2263 365 2336 pag.
387 2234 481 2332 103)
501 2234 560 2338 qui
577 2233 785 2310 coloniarum
800 2235 937 2312 nomina
950 2253 1031 2312 tunc
1047 2237 1085 2310 in
1100 2235 1196 2311 fastis
1211 2253 1373 2312 annotata

287 2361 422 2462 reperit
972 2435 977 2446 ,

339 2485 494 2575 Accedit,
506 2502 546 2559 ut
557 2483 597 2560 de
610 2515 704 2562 more
717 2515 770 2560 res
783 2505 969 2562 memoratu
982 2485 1102 2582 dignas
1115 2486 1151 2560 in
1162 2483 1256 2560 fastis
1268 2484 1375 2560 sacris

288 2609 333 2684 ad
350 2637 428 2700 eos,
444 2609 569 2712 quibus
587 2627 687 2706 gestae
703 2626 802 2698 sunt,
821 2609 1137 2698 diesadscribendi,
1157 2601 1310 2710 quae'tiam
1322 2607 1373 2681 di·

288 2763 419 2823 camus,
438 2763 543 2835 quum
556 2734 592 2808 in
604 2734 667 2809 hac
678 2763 733 2822 re,
753 2735 939 2835 quostiam
957 2735 992 2808 in
1007 2734 1100 2810 fastis
1112 2732 1285 2809 historicis
1301 2732 1374 2808 fieri

288 2857 435 2948 sciebat,
454 2858 603 2932 dubitari
612 2859 737 2960 possit,
752 2857 796 2932 ad
809 2877 925 2935 utrum
938 2887 1044 2954 genus
1055 2857 1177 2960 aliquis
1187 2856 1288 2934 locus
1297 2886 1379 2960 pen

290 2983 402 3058 tineat.
420 2985 462 3056 ln
479 2980 574 3056 fastis
591 2981 693 3056 sacris
711 2981 779 3056 hoc
795 3001 925 3056 mature
939 2981 1008 3082 jam
1024 2981 1150 3056 iactum
1168 3009 1240 3058 csse
1258 2981 1374 3057 Ovidii

288 3105 362 3182 loca
374 3107 523 3209 probant
534 3109 603 3195 Vl,
622 3104 713 3201 461,
734 3105 827 3201 465,
846 3105 937 3195 563,
960 3133 1052 3209 721,
1067 3106 1157 3208 765,
1174 3103 1262 3208 769,
1282 3133 1397 3207 770³*

288 3231 348 3306 ubi
367 3259 420 3305 res
438 3229 568 3334 populo
586 3259 724 3305 romano
743 3228 796 3304 vel
813 3227 895 3304 latre
911 3227 963 3304 vel
982 3229 1114 3320 tristes,
1138 3247 1209 3302 tum
1226 3227 1374 3302 victoria

290 3371 325 3430 et
342 3383 395 3428 res
412 3354 568 3456 praeclare
589 3371 689 3449 gestae
704 3409 713 3440 ,
736 3370 811 3427 tnnr
829 3350 960 3441 clades,
980 3351 1107 3453 quibus
1124 3355 1234 3427 Roma
1251 3349 1372 3424 afflicta

289 3497 358 3568 cst,
376 3477 413 3552 in
429 3477 546 3567 fastis,
571 3476 697 3577 quibus
714 3475 860 3553 Ovidius
878 3505 960 3551 usus
979 3493 1051 3563 cst,
1077 3475 1251 3576 adscripta
1268 3473 1372 3549 fuisse

289 3605 455 3679 videntur.
473 3601 622 3677 Victoria
634 3631 663 3672 v.
676 3630 704 3675 c.
717 3601 871 3675 Postumi
882 3599 924 3675 de
934 3600 1055 3701 AEquis
1070 3618 1103 3674 et
1112 3597 1244 3675 Volscis
1256 3600 1372 3695 (Fast

288 3727 359 3819 vt,
383 3732 479 3833 7²¹)
498 3731 605 3831 quam
617 3727 659 3802 ad
676 3725 707 3800 d.
733 3751 775 3828 17
792 3727 873 3801 Jun.
892 3724 939 3800 ita
956 3722 1062 3800 canit:

288 3962 328 4006 est
340 3941 420 4006 hodie¹
437 3992 444 4019 ,
462 3950 537 4005 Jovis
555 3949 663 4022 epulum
679 3947 806 4016 ensfiet,
855 3943 1374 4018 norumr'eiigioneststuruForteaeaeprn'

289 4031 494 4084 lectisternium
515 4027 622 4084 Cereris
643 4027 694 4083 erit
713 4026 806 4083 Idibus
854 4027 1057 4096 m'ffem'aeffleae
1065 4024 1374 4080 prenestinorumtute-

286 4109 420 4181 proximis.
853 4104 933 4171 laris,
946 4103 1135 4160 celebrandum
1148 4122 1220 4168 esse,
1234 4100 1372 4156 oraculum

322 4188 331 4218 ¹
350 4185 412 4238 Vid.
427 4186 496 4240 Fast.
509 4185 597 4240 Praen.
611 4183 643 4238 ad
653 4183 679 4239 d.
690 4205 728 4238 rr.
737 4183 803 4254 Apr.
853 4196 944 4256 patere
952 4196 1002 4240 etc.
1010 4194 1162 4240 annotatur.
1171 4180 1252 4237 Coni.
1261 4179 1373 4251 Fugio.

287 4266 333 4322 ubi
348 4287 362 4321 e
375 4266 459 4338 patria
476 4276 503 4321 et
516 4263 642 4336 peculiari
657 4264 804 4322 Praenesti-
851 4283 910 4337 pag.
923 4265 964 4333 48.
