3025 5009
270 414 337 502 aaa

553 423 593 488 P.
620 421 798 492 OVIDII
825 423 1057 496 NASONIS

271 553 339 630 Res
356 554 455 631 latuit
470 575 619 659 patrem
638 561 808 663 priscique
823 561 1006 639 imitamina
1022 565 1120 655 sacti,

321 671 403 747 AEra
421 675 499 749 Deae
516 676 654 751 comites
670 705 834 779 raucaque
850 697 942 776 terga
956 699 1101 754 movent.

271 789 431 890 Cymbala
448 820 511 893 pro
529 791 652 887 galcis,
672 795 855 894 presentis
873 813 1030 896 tympana
1047 796 1202 898 pulsant:

318 907 418 981 Tibia
436 909 493 982 dat
509 909 695 1010 Phrygios,
712 928 753 984 ut
769 911 863 986 dedit
879 930 974 1001 ante,
991 913 1120 988 modos.

271 1025 439 1112 Desierat3
459 1028 546 1127 coepi
565 1057 572 1100 :
592 1030 663 1102 Cur
679 1029 759 1102 hnic
775 1057 880 1125 genus
897 1057 988 1115 acre,
1008 1027 1143 1118 leones,

1296 1051 1346 1105 215

319 1142 474 1216 Praebent
489 1143 642 1220 insolitas
660 1144 704 1218 ad
720 1145 798 1244 juga
815 1173 913 1218 curva
930 1144 1055 1244 jubas?

268 1258 460 1347 nester-anu
479 1258 603 1359 coepit:
620 1261 749 1335 Feritas
767 1259 895 1335 mollita
913 1259 1076 1362 perillam

237 1386 239 1389 ’
321 1375 498 1450 Creditur:
515 1376 550 1448 id
567 1404 667 1451 curru
685 1377 859 1452 testificata
874 1407 936 1452 suo
955 1397 1013 1452 est.

271 1494 319 1565 At
335 1520 395 1566 cur
411 1493 529 1566 turrita
547 1511 647 1595 caput
665 1511 715 1569 est
733 1512 848 1569 ornata
868 1493 1017 1568 corona?

268 1676 424 1744 hausimus,
441 1676 522 1744 Leti,
541 1695 610 1730 unus
624 1676 784 1745 Vaticanus,

270 1753 316 1810 sed
326 1756 405 1809 etiam
413 1755 580 1822 Lactantius,
591 1757 656 1810 lust.
664 1757 676 1810 l
684 1796 692 1823 ,
700 1778 729 1810 ar
739 1757 786 1810 ubi

270 1835 415 1890 bosversus
425 1836 522 1891 laudat.
533 1838 595 1891 Hoc
602 1855 665 1907 ergo
674 1837 786 1907 pretuli.

271 1916 417 1976 -Iaanes,
435 1933 491 1966 non
504 1914 581 1983 capiti
595 1913 737 1983 impositas.

305 2011 361 2044 arr.
375 1991 429 2046 Res
440 1990 553 2056 mansit,
569 2002 674 2046 tantum
684 1991 787 2044 instru-

270 2081 546 2125 mentaeuntmutata.
553 2070 713 2135 Lactantius,
721 2072 785 2126 lust.

271 2165 336 2214 xxi,
350 2150 399 2222 39:
413 2173 426 2195 α
441 2149 580 2218 Quidquid
594 2159 633 2202 est
642 2160 746 2220 gestum
756 2151 786 2204 in

272 2247 286 2272 u
299 2225 487 2280 abscondendo
496 2247 596 2296 puero,
608 2226 634 2279 id
643 2227 729 2296 ipsum
738 2248 787 2298 per

271 2323 286 2350 u
299 2304 444 2372 imaginem
455 2303 555 2372 geritur
563 2304 683 2358 insacris.
694 2326 706 2351 u
716 2305 786 2359 Vide

270 2391 361 2436 tamen
375 2394 402 2436 et
415 2383 584 2448 Lucretium,
603 2383 650 2451 ll,
667 2385 717 2451 640
730 2405 786 2454 sqq.

272 2460 416 2515 Teubner-o
427 2480 483 2515 non
495 2460 614 2529 displicet
625 2482 687 2515 curn
697 2462 788 2516 multis

272 2537 347 2592 MSS
353 2550 381 2592 et
388 2540 539 2607 Lactantio,
549 2528 604 2595 Ile's
610 2545 689 2592 latui!
694 2546 787 2606 ,antci-

270 2635 319 2685 que
328 2618 663 2686 manentimt'lanrr'nasactr'.
675 2615 728 2672 Sed
735 2637 789 2684 pa-

271 2702 318 2749 tris
328 2698 430 2752 mentio
443 2699 564 2754 hiemale
576 2697 786 2760 desiderantum

272 2778 407 2842 eiusenim
413 2777 604 2830 fallendicausa
611 2795 652 2829 ree
659 2775 787 2830 instituta.

272 2853 344 2908 Tum
357 2855 431 2908 facile
443 2853 603 2922 subintelligi
615 2862 716 2923 potest,
729 2872 787 2922 quae

270 2934 324 2987 sint
331 2939 482 2994 e'mitame'rra,
493 2931 526 2984 ad
535 2931 720 2984 imitationem.
726 2931 788 2986 Hoc

273 3012 432 3082 elegantius,
448 3031 528 3079 quarn
543 3011 656 3064 alterum
668 3011 708 3066 lv
720 3011 788 3064 Me-

273 3101 336 3148 tam.
347 3094 395 3158 445
410 3111 416 3144 :
429 3113 443 3136 α
457 3091 521 3143 Pars
533 3089 594 3142 alias
604 3100 674 3142 artes
686 3110 699 3136 u
711 3088 788 3142 cele-

273 3171 368 3233 brant,
380 3191 392 3213 α
406 3168 521 3237 antiquae
532 3167 762 3234 imitaminavitae,
774 3189 787 3214 »

272 3249 354 3317 idque
361 3245 459 3298 saciant
469 3243 502 3297 ad
509 3246 686 3298 imitationem
694 3245 789 3314 prioris

272 3328 376 3380 νὶω-
381 3327 468 3393 Terga,
481 3337 619 3397 tympana,
627 3325 722 3394 quibus
731 3344 788 3378 rau·

273 3426 318 3462 cue
325 3405 666 3474 sonus-Phrygebsmodos
672 3419 682 3467 ,⁴
693 3402 790 3456 Lucre·

246 3540 249 3548 ,
274 3484 327 3537 tius
339 3483 409 3535 dicto
424 3481 498 3546 loco,
512 3503 525 3524 ιι
543 3478 660 3551 Phrygio
671 3478 790 3533 stimulat

276 3587 290 3611 u
303 3579 418 3616 numero
429 3578 490 3614 cava
502 3558 565 3612 tibia
578 3568 681 3612 mentes
690 3581 697 3624 3
707 3581 721 3605 »
734 3559 788 3612 Ti-

272 3642 376 3707 bullus,
395 3641 439 3706 ΙΙ,
451 3655 482 3706 1,
500 3638 532 3690 86
544 3657 550 3690 :
563 3659 577 3684 s
594 3637 712 3709 Phrygio
726 3637 789 3691 tibia

276 3743 290 3767 u
303 3737 465 3776 curvasono.
473 3737 486 3763 u
499 3715 591 3770 Nullos
600 3727 688 3768 autem
697 3716 789 3770 illeso-

273 3799 452 3854 nuemodulos
458 3794 788 3851 babebatAristot.Probl.

277 3869 789 3951 XIX,§.49videadleeram.162,

273 3959 319 4013 ubi
340 3961 498 4012 barbaricum
516 3967 675 4010 carmentet
695 3967 788 4009 cantus

275 4037 500 4111 Phrygius-De
507 4042 571 4091 atu
579 4036 622 4092 illa
633 4036 733 4092 dictum
744 4055 789 4090 su-

275 4136 322 4189 pra
335 4115 484 4170 adversum
496 4118 550 4170 181.

307 4198 365 4252 215.
373 4191 616 4266 lucigenum&
625 4194 719 4265 quibus
726 4211 789 4248 con-

834 1677 890 1732 sule
901 1677 1020 1748 Pignorii
1030 1677 1087 1733 libr.
1098 1677 1132 1732 de
1140 1677 1247 1748 Magnae
1256 1676 1347 1732 Delam

834 1757 926 1811 matris
937 1768 964 1812 et
973 1757 1070 1812 Attidis
1080 1756 1167 1811 initiis.
1174 1756 1256 1809 -lte
1265 1761 1347 1809 leoni-

834 1839 881 1888 bus
889 1835 1025 1888 Lucretius
1033 1833 1102 1888 dicto
1112 1835 1184 1889 loco:
1194 1856 1207 1882 a
1218 1835 1347 1888 Hancve·

836 1935 850 1961 »υ
860 1925 928 1968 teres
937 1912 1049 1967 Graium
1056 1910 1124 1965 docti
1134 1912 1252 1966 cecinere
1263 1923 1347 1981 poetae

836 2013 850 2037 u
861 1991 1008 2046 Sublimem
1015 1991 1043 2044 in
1053 2009 1132 2044 curru
1140 1991 1243 2060 bijugos
1250 1990 1347 2058 agitare

836 2089 850 2114 u
862 2068 968 2135 leones,
981 2091 994 2116 a
1007 2087 1163 2138 causamque
1176 2067 1249 2120 addit
1260 2067 1346 2120 hanc:

835 2167 849 2192 α
863 2146 1017 2214 Adiunxere
1034 2145 1126 2211 seras,
1150 2147 1212 2214 quia
1228 2145 1348 2214 quamvis
1382 2149 1387 2158 “

836 2243 850 2270 u
862 2222 942 2278 effera
954 2223 1041 2295 proles
1049 2223 1153 2278 Officiis
1162 2223 1240 2277 debet
1250 2223 1349 2276 molliri

838 2301 929 2355 »victa
955 2312 1134 2371 parentum.»
1156 2300 1222 2354 Aliis
1247 2299 1347 2372 Cybele

835 2382 986 2453 symbolum
1006 2393 1108 2436 natura
1127 2380 1252 2448 videtur,
1273 2381 1349 2449 cujus

835 2460 890 2512 vim
900 2464 985 2512 hones
996 2459 1163 2514 indicent-
1175 2463 1264 2516 Genus
1274 2479 1348 2524 acm,

834 2541 920 2590 leones
928 2538 1002 2592 dedit
1014 2540 1139 2592 Heinsius
1148 2559 1180 2592 ex
1192 2540 1284 2594 Ursin.
1295 2559 1350 2594 uno

836 2615 966 2670 Vaticano
978 2628 1004 2671 et
1016 2619 1129 2688 Nauger.
1140 2617 1311 2688 MSS,atque
1319 2639 1350 2672 ex

836 2694 1183 2750 edit.Bersm.Praetulerim
1191 2697 1350 2751 tamenrul-

837 2783 887 2840 gat.
897 2791 977 2840 genus
987 2791 1046 2826 acre
1058 2778 1156 2828 leonum
1166 2815 1173 2838 ,
1194 2775 1266 2844 quod
1280 2775 1351 2847 apud

838 2847 1010 2916 Lucretium,
1022 2849 1066 2916 V,
1082 2852 1131 2906 860
1149 2851 1262 2922 legitur,
1277 2851 1350 2908 unde

838 2925 951 2981 Ovidius
965 2929 1087 2982 sumsisse
1101 2931 1222 2998 videtur,
1239 2943 1269 2984 ut
1279 2933 1350 2985 Vir-

838 3003 930 3074 gilius,
938 3005 1035 3076 Georg.
1045 3006 1087 3072 ll,
1099 3011 1141 3065 151
1151 3048 1159 3075 ,
1172 3028 1240 3062 saroa
1250 3013 1350 3063 leonum

836 3089 934 3148 semestra
940 3084 1071 3140 excodem
1080 3086 1120 3140 lll
1129 3127 1136 3151 ‚
1146 3090 1353 3158 74u-Prebent

837 3162 898 3216 dedi
911 3184 972 3218 cum
985 3165 1173 3221 Mitscbcrlicb.
1185 3166 1255 3237 quod
1268 3169 1350 3224 etiarn

838 3240 984 3296 Teubnero
997 3243 1173 3312 probabatur,
1187 3248 1248 3316 quie
1258 3247 1351 3301 inter-

837 3322 939 3390 rogatio
958 3321 1058 3376 directa
1077 3333 1201 3392 praestan
1224 3326 1352 3381 Heinsius

837 3418 900 3453 vero
912 3420 926 3454 e
938 3401 1012 3455 MSS
1024 3401 1142 3471 plurimis
1151 3407 1264 3471 probeat
1275 3415 1350 3459 tam-

839 3498 918 3550 quam
931 3481 1053 3548 mollius,
1066 3495 1210 3552 receperat.

872 3579 927 3631 ²¹9·
939 3559 1040 3629 Magna
1048 3560 1138 3614 Mater
1148 3573 1186 3616 est
1195 3562 1295 3629 Terre,
1307 3565 1350 3619 cui

837 3637 1349 3710 curetumgaeraeurbes(AEn.Mt),

838 3737 902 3786 quas
913 3717 1041 3785 sustinet,
1060 3719 1132 3772 unde
1150 3731 1177 3774 et
1193 3721 1247 3790 ipsa
1260 3725 1350 3775 turrita

838 3795 934 3849 dicitur
946 3796 1053 3850 AEneid.
1064 3797 1122 3862 Vl,
1136 3798 1184 3865 786
1194 3820 1201 3862 ς
1212 3797 1350 3854 Lucretius

838 3873 908 3928 dicto
916 3873 990 3928 loco:
1003 3896 1016 3920 «ι
1026 3875 1178 3946 Muralique
1187 3887 1266 3946 caput
1275 3897 1351 3931 sum-

839 3972 853 3998 u
862 3971 937 4004 mum
944 3951 1049 4006 cinxere
1056 3972 1168 4020 corona,
1178 3953 1286 4010 Eximiis
1293 3975 1351 4009 mu·

839 4053 853 4078 u
863 4031 919 4085 nita
936 4031 999 4086 locis
1015 4031 1086 4101 quod
1102 4033 1214 4088 sustinet
1230 4033 1350 4088 urbeis.»

838 4111 893 4163 Pro
903 4115 995 4164 turrita
1005 4120 1067 4166 ante
1075 4111 1218 4166 Heinsium
1227 4111 1352 4183 vulgaba-

838 4198 883 4242 tur
893 4187 1018 4257 turrifera.
1033 4187 1087 4244 sed
1100 4189 1212 4247 alterurn
1223 4190 1285 4244 satis
1297 4191 1352 4247 usi·
