3025 5009
299 417 364 503 402
572 420 611 484 r.
645 418 827 489 ovum
860 419 1090 490 rrsours

345 560 376 633 A
395 556 589 662 Capitolino
606 558 758 660 reppulit
776 587 865 636 uana
880 561 975 636 Jove.

296 681 408 778 Quam
423 677 528 766 bene,
547 677 582 752 di
596 677 729 772 magni,
745 707 859 782 pugna
874 679 1046 757 cecidisset
1063 679 1100 756 in
1116 679 1170 756 illa

346 795 512 870 Defensor
526 793 620 882 solii,
637 795 774 895 Jupiter
791 794 876 881 alte,
894 794 959 870 tui!
1112 888 1115 896 μ

298 912 409 1000 Vixit,
427 929 467 985 ut
483 908 648 984 occideret
664 907 839 984 damnatus
856 910 992 985 crimine
1009 911 1104 1007 regni
1117 941 1131 984 :-

346 1030 445 1102 Hunc
463 1024 513 1099 illi
531 1022 667 1100 titulum
682 1022 785 1121 longa
801 1046 934 1102 senecta
949 1027 1061 1101 dabat.
1325 1067 1372 1122 ¹9⁰
1389 1031 1395 1044 ’

295 1147 370 1226 Lux
387 1146 501 1222 eadem
516 1144 620 1218 Marti
635 1143 720 1218 testa
735 1163 808 1231 est3
826 1174 924 1246 quem
940 1145 1103 1248 prospicit
1120 1164 1210 1220 eitra

344 1259 551 1362 Adpositum
566 1259 677 1332 Tectae
690 1277 791 1359 porta
809 1259 941 1360 Capena
957 1260 1026 1333 viae.

296 1379 346 1452 To
364 1403 518 1477 quoque,
535 1376 749 1476 Tempestas,
767 1374 916 1448 meritam
936 1372 1074 1449 delubra
1090 1374 1251 1463 fatemur;

264 1589 271 1602 Ι
348 1491 465 1589 Quum
483 1517 576 1593 paene
594 1507 645 1562 est
661 1486 778 1562 Corsis
794 1487 917 1561 obruta
933 1487 1047 1566 classis
1065 1487 1170 1589 aqui's.

297 1711 313 1738 s
326 1687 445 1756 Adjecto
455 1696 563 1740 mortrui
578 1694 649 1738 note
661 1695 741 1738 sunt:
755 1703 811 1754 pu-
857 1689 903 1738 ur'e
918 1683 986 1738 lacta
998 1694 1038 1738 est
1055 1701 1104 1754 per
1118 1701 1257 1749 oensomr
1270 1683 1372 1738 livius:

298 1766 393 1820 »blica
410 1783 484 1828 una3
499 1762 592 1832 quod,
614 1781 698 1833 quum
715 1760 811 1817 domus
860 1785 874 1809 e
888 1759 1253 1831 Vismsternendameporte
1262 1759 1373 1832 Capena

298 1867 312 1892 s
324 1845 382 1912 ejus
393 1843 483 1898 luisset
502 1842 546 1898 ubi
557 1860 632 1895 nunc
648 1840 718 1896 tedes
730 1853 809 1911 atque
863 1863 877 1890 n
889 1840 922 1893 ad
935 1839 1029 1893 Martie
1039 1837 1169 1909 templum
1180 1837 1300 1893 locavere
1310 1859 1374 1894 oen-

299 1947 313 1971 »
325 1921 430 1977 officina
442 1921 489 1986 (in
499 1921 664 1990 quenurnmi
674 1917 811 1974 cudeban-
860 1939 875 1966 υ
886 1936 990 1972 sores.»
1007 1919 1129 1972 Vocatur
1142 1916 1183 1972 vel
1199 1927 1283 1980 reeta,
1302 1929 1374 1972 recta

298 2021 312 2046 u
324 2000 387 2064 tur)
397 1998 515 2052 Moneta
522 2007 578 2063 est,
590 1995 715 2050 letunsad
724 2015 811 2066 popu·
859 1995 958 2051 discens
973 1994 1006 2050 ad
1023 1995 1170 2066 ternplum,
1189 2013 1274 2066 quum
1287 1996 1372 2066 Appia

298 2099 312 2125 s
325 2077 381 2131 lum
394 2087 449 2141 est,
462 2095 496 2128 ne
507 2076 565 2144 quis
575 2074 699 2144 patricius
708 2074 737 2126 in
749 2093 809 2127 ame
859 2073 1195 2146 perpluresanlrectueiret
1203 2094 1210 2137 ς
1218 2074 1371 2134 relinere.

299 2175 312 2198 n
327 2163 373 2206 aut
382 2151 513 2221 Capitolio
521 2151 729 2206 lesbitereteetc.
737 2149 811 2204 Con·
857 2153 994 2206 utbivium
1005 2161 1077 2206 extre
1085 2150 1291 2222 portemsuerit,
1303 2153 1371 2206 etad

298 2230 340 2286 ser
352 2229 486 2284 Plutarch.
497 2231 525 2282 in
539 2227 669 2296 Camillo,
681 2227 811 2283 iou-Pro
858 2228 978 2282 deutrum
995 2228 1064 2280 viam
1084 2228 1199 2297 positum
1218 2227 1372 2296 templum,

300 2311 427 2375 capraria
435 2306 549 2364 Ovidius
557 2307 756 2377 periuslm
764 2308 811 2360 Ca·
857 2303 1253 2371 eut,utFelrretldlesert1de
1261 2305 1373 2374 Aquod.

293 2389 442 2454 pr‘tolr'eerr,
452 2385 664 2454 ejusquerolr'en
670 2395 810 2438 memorat.
857 2381 930 2448 vult,
947 2391 977 2434 ut
987 2381 1136 2450 adpositum
1149 2381 1230 2434 luerit
1243 2383 1303 2436 vie
1314 2384 1375 2453 Ap-

297 2463 522 2532 ·-Depupeaille
530 2462 587 2533 lege
596 2461 700 2518 Livium
709 2503 717 2529 ,
725 2462 762 2530 V,
771 2465 810 2532 47.
859 2458 922 2528 pire,
932 2457 1132 2527 qusanadeatre
1141 2458 1277 2528 hebuerit,
1289 2479 1374 2529 quum

297 2546 447 2598 -Crs'uu'ee
453 2546 534 2610 regei,
543 2541 649 2596 crimini
656 2542 680 2595 ei
688 2540 811 2606 dabatur,
859 2556 874 2590 a
885 2537 988 2590 sinistra
1001 2545 1068 2590 esset
1080 2537 1189 2604 Latine,
1202 2555 1262 2606 que
1273 2557 1305 2592 ex
1316 2539 1374 2609 Ap-

299 2621 371 2693 quod
386 2638 502 2692 regnum
514 2619 671 2690 adpetiiseet.
681 2622 813 2686 *longa
858 2615 902 2684 pia
908 2615 1014 2668 initium
1020 2616 1119 2685 ceperit
1128 2617 1374 2688 paululurusports

299 2714 417 2768 serrem
429 2720 492 2755 narn
504 2703 526 2755 si
540 2701 615 2771 prius
628 2711 697 2754 esset
708 2700 813 2752 entin-
861 2692 969 2762 Cepena
984 2714 991 2756 t
1008 2693 1050 2746 vel
1067 2693 1183 2763 denique
1196 2703 1281 2759 tecta,
1298 2698 1374 2766 cujus

299 2795 441 2848 ctus,non
453 2779 812 2848 incidissetinsuspicionem
859 2771 970 2840 epitheti
985 2771 1054 2824 ratio
1070 2781 1141 2824 certa
1154 2771 1230 2824 reddi
1243 2791 1299 2826 non
1319 2793 1374 2844 po-

299 2860 374 2930 regni
388 2857 520 2912 adfectati.
859 2861 917 2904 test.
926 2849 1048 2904 Donatus
1059 2849 1087 2902 in
1100 2850 1188 2903 Roma
1199 2861 1250 2905 ret.
1260 2851 1303 2904 lib.
1313 2853 1373 2922 lll,

334 2937 489 3008 roellam's
498 2937 576 2987 edere
582 2941 752 2999 enteperrare
765 2932 813 2984 Ca·
859 2945 915 2997 cap.
932 2925 976 2993 13,
990 2927 1132 2996 porticibus
1146 2945 1205 2980 earn
1223 2939 1269 2982 aut
1282 2927 1374 2982 lomi-

294 3033 387 3081 perere
400 3013 481 3066 etiam
495 3009 585 3064 livius
598 3007 735 3076 aliquoties
747 3026 813 3060 me·
859 3007 932 3062 cibus
947 3019 1045 3062 tectam
1060 3006 1137 3062 fuisse
1150 3009 1275 3078 eonjtdu
1296 3011 1374 3064 Bur-

300 3102 404 3156 moret,
421 3100 453 3143 ut
468 3090 514 3155 Χ,
532 3090 572 3142 23.
588 3087 658 3140 Eam
669 3105 686 3138 a
696 3085 727 3138 L.
739 3085 813 3140 Sulla
860 3103 976 3138 mannus
985 3104 1049 3138 veno
1060 3095 1150 3154 putat,
1162 3086 1183 3138 si
1195 3085 1299 3139 ostendi
1312 3105 1375 3155 pos-

300 3169 450 3222 restitutam
462 3185 519 3220 esse
531 3176 559 3218 et
572 3175 677 3218 auctam
690 3162 813 3232 Neapolis
860 3174 916 3228 set,
927 3161 1051 3232 perhanc
1060 3165 1238 3216 eiamsecram
1246 3183 1373 3234 pompam

301 3247 543 3310 observate-(laen
549 3247 688 3310 prospicit,
701 3243 728 3294 in
736 3242 813 3319 cujus
862 3243 1005 3313 quamdam
1014 3243 1074 3296 duri
1082 3244 1197 3308 solitam,
1211 3243 1239 3296 in
1249 3263 1330 3312 quem
1341 3263 1374 3298 ex

301 3323 431 3392 templum
442 3333 595 3392 prospectus
610 3331 651 3375 est
669 3321 703 3374 ad
718 3319 813 3390 Cape-
861 3321 959 3374 adibus
978 3320 1111 3388 despicere
1128 3338 1184 3372 non
1203 3321 1328 3390 licuerit,
1344 3341 1373 3376 se

300 3421 364 3458 nam
374 3413 478 3471 portam
492 3403 626 3455 stanti-
638 3403 740 3456 lecte:
760 3413 814 3454 tres
861 3399 938 3452 malle
958 3410 1049 3453 terrm
1070 3400 1139 3452 viam
1161 3401 1327 3471 intelligere,
1342 3413 1374 3456 ut

301 3495 417 3549 veteres,
429 3490 516 3544 nete,
529 3486 707 3536 unuedettrae.
718 3479 754 3532 Et
763 3499 814 3534 ne-
860 3481 960 3531 velatas
972 3483 1030 3530 uias
1044 3478 1086 3533 lll
1100 3481 1162 3532 Am.
1173 3495 1242 3545 xrrr,
1259 3501 1297 3534 rr.

301 3561 403 3631 gotium
421 3559 482 3613 fecit
495 3559 551 3612 hoc
561 3561 606 3610 oia
617 3557 812 3625 interpretibus.
897 3557 950 3628 ¹9³·
967 3556 993 3606 Τ
988 3563 1133 3622 empeslatr's
1144 3561 1262 3624 ternplum
1271 3557 1313 3610 :id
1323 3577 1375 3628 po-

302 3639 474 3695 Burmannus
484 3636 518 3691 de
530 3655 560 3690 ea
571 3654 633 3690 cum
646 3633 754 3705 Cupero
765 3655 815 3704 per
860 3636 912 3689 suit
921 3675 928 3700 ,
936 3653 991 3688 non
999 3635 1154 3702 Marcellus,
1163 3637 1373 3708 utNespolispu·

301 3715 389 3770 literas
400 3715 467 3786 egit:
479 3713 524 3768 sed
533 3733 583 3766 nec
589 3731 638 3782 per
645 3713 692 3766 hos
698 3711 730 3765 ad
740 3711 814 3780 liqui·
861 3713 946 3780 tsbat,
959 3714 1004 3768 sed
1018 3714 1046 3766 lr.
1057 3715 1159 3784 Scipio,
1171 3714 1278 3769 Barbati
1287 3715 1370 3783 filius,

302 3793 367 3850 dum
381 3813 423 3847 res
439 3792 546 3862 perduci
563 3792 656 3860 potuit.
670 3791 730 3843 Hoc
742 3790 813 3843 inter
861 3810 966 3845 annou.
975 3811 997 3844 c.
1009 3795 1058 3864 494
1068 3811 1118 3846 cos.
1132 3793 1176 3861 qui
1188 3793 1317 3847 conum
1324 3815 1373 3848 ce-

301 3891 346 3934 eos
356 3872 495 3937 convenit,
509 3869 588 3923 fuisse
599 3869 720 3924 semitam
733 3887 748 3920 a
760 3867 814 3922 Ca·
861 3869 899 3938 pit
909 3891 915 3930 ;
930 3868 955 3922 id
966 3867 1037 3938 quod
1052 3880 1123 3938 patet
1134 3887 1164 3922 ex
1176 3870 1291 3940 inscript
1303 3871 1372 3941 apud

300 3969 370 4019 pena
380 3962 455 4021 porta
465 3951 498 4004 ad
509 3951 604 4003 Martis
612 3949 758 4019 templum,
771 3948 814 4001 di·
861 3949 968 4002 Reines.
986 3949 1040 4016 Vl,
1053 3950 1093 4016 34,
1108 3951 1167 4003 lloc
1180 3969 1285 4019 quoque
1298 3963 1372 4005 tern-

302 4029 813 4099 rersamillamariadppia‚quoetipsa
861 4028 933 4098 plum
947 4037 1018 4080 extre
1034 4041 1137 4098 portam
1155 4027 1292 4098 Capenam
1306 4029 1371 4098 fuir,

302 4106 441 4177 incipiebat
453 4127 468 4161 a
480 4107 607 4178 Capena,
620 4107 666 4160 sed
682 4109 709 4161 in
723 4105 814 4160 Carn-
861 4105 905 4158 ubi
917 4117 945 4159 et
956 4106 1090 4174 lapiscura
1100 4109 1270 4178 inscriptione
1281 4108 1324 4164 illa
1336 4106 1373 4162 el·

301 4183 409 4254 paniem
418 4183 526 4240 terebat.
539 4186 605 4238 llec
615 4187 711 4240 semita
723 4195 813 4255 postea
859 4183 942 4240 fossus
954 4195 1002 4240 est.
