3025 5009
206 391 268 459 188
483 395 521 462 P.
547 396 726 466 OVlDll
750 397 983 469 NASONIS
1054 445 1056 450 =

246 531 323 604 Ja'm
336 530 424 605 bene
439 531 504 608 Dis
523 553 622 610 notas
639 537 778 613 sustulit
795 539 852 614 ille
868 569 1005 630 manus;

200 646 314 746 Atque
329 646 395 737 ita,
413 651 562 752 Tempus
578 653 672 728 adest
686 656 847 756 promissi
863 658 1028 747 muneris,
1046 657 1180 758 iuquit:
1227 679 1279 735 365

251 760 440 839 Pollicitam
457 767 573 867 dictis,
590 772 744 871 Jupiter,
762 771 846 848 adde
863 773 972 848 fidem.

201 871 293 947 Dum
309 873 477 978 loquitur,
495 898 606 958 totum
620 884 688 984 jam
706 885 758 960 sol
775 909 950 964 emerserat
969 887 1103 964 orbem:

251 993 298 1065 Et
313 996 421 1090 gravis
435 999 571 1074 etherio
588 1004 680 1077 veuit
692 1004 735 1078 ab
752 1035 812 1080 aue
825 1005 947 1102 fragor.

203 1103 270 1178 Ter
286 1110 397 1182 tonuit
415 1111 487 1188 sine
503 1114 596 1189 nube
613 1116 726 1206 Deus,
746 1119 810 1192 tria
826 1119 961 1215 fulgura
974 1119 1074 1194 misit.

254 1224 388 1302 Credite
405 1228 530 1304 dicenti
548 1235 675 1323 :mira,
695 1236 863 1325 seducta,
881 1236 1014 1338 loquor.
1231 1256 1281 1328 37⁰

203 1340 357 1420 Amedia
376 1345 492 1422 celum
509 1351 646 1446 regione
661 1353 832 1428 dehiscere
850 1356 973 1455 cupit:

253 1460 446 1540 submisere
463 1467 579 1542 oculos
595 1497 671 1544 cum
686 1469 770 1567 duce
786 1471 887 1546 turba
906 1501 995 1547 suos.

205 1573 291 1648 Ecce
308 1573 372 1649 levi
387 1598 519 1656 scutum
534 1601 701 1658 versatum
712 1581 832 1658 leuiter
847 1615 927 1660 aura

254 1695 410 1769 Decidit:
425 1726 445 1771 a
461 1698 590 1801 populo
605 1699 732 1776 clamor
749 1701 792 1775 ad
810 1721 897 1777 astra
909 1703 1009 1776 venit.
1103 1765 1109 1772 .

205 1897 254 1962 405
264 1915 270 1950 ε
280 1917 294 1942 o
304 1917 439 1968 purpureo
448 1901 536 1956 velare
546 1903 717 1974 (memento)
767 1905 839 1973 nius,
849 1907 906 1973 VI,
915 1907 997 1976 Epist.
1006 1923 1058 1973 xx,
1067 1927 1099 1980 9,
1110 1927 1123 1954 κ
1133 1907 1218 1962 nubes
1225 1917 1281 1962 alra

204 1993 219 2019 ν
229 1993 318 2030 comas
330 1977 471 2049 adopertum
487 1982 602 2048 amictu,
617 2005 631 2030 ν
644 1983 717 2037 elib.
768 2005 782 2031 s
794 1986 822 2040 in
833 1985 923 2056 longas
935 1985 1105 2040 flammarum
1118 1985 1215 2056 figuras
1227 1986 1281 2039 de-

205 2071 271 2107 vers
284 2056 331 2121 545
341 2075 348 2108 :
357 2077 372 2103 «
383 2057 468 2127 capita
481 2071 543 2112 ante
557 2079 615 2113 aras
629 2060 718 2132 pltry-
767 2085 781 2110 υ
794 2062 917 2118 biscebat.
935 2085 949 2112 o
969 2064 1123 2133 Utrumque
1144 2062 1282 2131 conjunxit

207 2152 221 2178 s
232 2130 275 2201 gio
285 2133 404 2187 velamur
410 2137 515 2189 amictu.
525 2139 718 2190 »-1²ollicitam
768 2139 885 2206 Seneca,
897 2141 957 2194 Nal.
964 2141 1066 2210 Quaesl.
1077 2142 1105 2208 l,
1116 2161 1148 2215 ¹9
1157 2159 1163 2194 :
1172 2164 1186 2189 ιι
1196 2141 1282 2196 Chas-

204 2217 254 2260 elr„
266 2210 413 2278 confirma,
424 2213 495 2282 quod
508 2215 594 2268 verbis
611 2215 719 2284 promi·
769 2241 782 2265 u
794 2237 837 2272 ma
846 2231 894 2285 est,
902 2239 985 2288 quum
995 2219 1098 2289 aliquod
1107 2219 1161 2274 egli
1168 2220 1281 2289 spatium

202 2286 326 2349 sissi;xl
336 2290 449 2346 Metam.
459 2313 522 2363 107,
529 2297 672 2360 pollicitam
673 2297 719 2364 fi·
768 2319 782 2344 o
795 2297 923 2365 discedit,
939 2311 967 2352 ct
985 2299 1123 2354 flammam
1142 2299 1282 2355 dehiscens

205 2365 261 2415 dem
273 2374 366 2429 tentat,
379 2369 526 2437 periculum
539 2370 616 2438 lacit,
631 2391 663 2424 an
680 2371 718 2424 fi·
769 2396 783 2422 »
795 2373 902 2429 velutin
911 2376 999 2429 abdito
1006 2387 1128 2430 ostentat.
1136 2375 1283 2429 n-Adsul·

114 2502 117 2509 ,
207 2439 254 2494 ‘¹0⁸
262 2441 384 2498 habenda
394 2445 428 2500 sil
439 2447 587 2515 promissis,
598 2449 644 2502 ubi
659 2448 719 2503 vide
768 2472 832 2523 gura
841 2473 904 2508 sane
914 2453 1037 2508 homines
1047 2459 1284 2509 submittereocnlos

208 2530 309 2574 notam.
767 2532 869 2596 solent3
881 2531 926 2585 sed
936 2532 971 2585 ila
983 2532 1019 2585 illi
1032 2543 1129 2587 sculum
1137 2539 1190 2588 leri
1198 2554 1282 2588 wrsa·

239 2602 297 2671 357.
308 2604 559 2667 Emcrserat‚emari
566 2607 719 2676 protulerat
767 2621 820 2663 tum
834 2631 900 2664 nura
919 2623 1036 2681 spectare
1053 2631 1113 2666 nun
1128 2613 1283 2682 potuissent.

206 2682 340 2750 Emergerc
355 2683 437 2738 active
449 2684 514 2751 dici,
534 2697 612 2755 atque
630 2706 720 2740 casum
769 2687 848 2740 Unus
858 2687 975 2754 Petavii,
986 2707 1116 2743 surrexere
1126 2709 1217 2743 marrus
1227 2709 1284 2744 curs

208 2771 332 2828 quartum
345 2761 442 2816 habere
455 2762 611 2831 adjunctum
623 2803 631 2832 ,
643 2764 721 2817 mul·
769 2765 832 2816 duce
844 2767 918 2816 turba
927 2783 1004 2826 suas,
1027 2765 1098 2834 quod
1113 2765 1284 2820 Burmannus

208 2840 242 2893 tis
250 2841 376 2910 exemplis
386 2842 476 2896 docuit
488 2844 628 2910 Heinsius,
636 2844 681 2913 qui
693 2843 721 2897 id
769 2841 881 2894 minime
895 2843 926 2896 ab
937 2841 1044 2896 indocto
1056 2843 1163 2897 librario
1174 2843 1284 2914 proles·-

207 2940 240 2973 ex
247 2921 378 2974 Vaticano
386 2940 441 2974 uuo
451 2932 478 2975 et
488 2922 603 2976 Thuauo
614 2924 721 2992 recepit.
770 2929 829 2972 lum
840 2920 962 2988 putabat:
973 2940 1088 2990 nemque
1095 2941 1196 2990 surgere
1203 2923 1283 2976 otiam

210 2998 354 3067 Nonnulli,
365 3005 496 3055 evolverat.
509 3002 614 3072 Vulgo,
626 3022 723 3056 emore-
771 2997 852 3049 active
865 3015 914 3067 pro
923 3003 1045 3065 surre'eere
1057 2999 1120 3067 poni
1130 3019 1136 3062 ς
1148 3009 1176 3052 et
1187 2999 1283 3052 rectius

209 3074 473 3147 rat.lnlravers.517,
486 3081 722 3146 demergereorbem.
771 3074 874 3130 suluciae
889 3077 984 3130 Numae
995 3079 1147 3142 convenire,
1156 3077 1283 3131 utoculm

209 3155 723 3226 -ProetgmoisHeius..mallet,eu5ra·
772 3155 1282 3222 intentosincoelumteneatesdeinde,

210 3238 249 3285 vis
264 3243 291 3286 et
305 3251 367 3286 mox
377 3254 409 3286 ex
418 3235 501 3288 altero
514 3237 636 3291 Putem
644 3242 725 3305 mgr?
772 3232 827 3286 viso
839 3233 933 3299 ancili,
943 3232 1018 3286 tollat
1029 3251 1124 3286 manus
1134 3232 1167 3286 ad
1175 3231 1283 3286 culum:

211 3309 317 3381 prefert
327 3312 401 3365 alteri
408 3315 660 3377 ωειλ-δίπαιδα,
669 3333 723 3382 quo
772 3329 818 3362 suo
825 3321 994 3379 tameuposse
1004 3311 1122 3365 retineri.
1130 3310 1236 3362 Verum
1241 3309 1285 3363 illa

210 3389 352 3444 notabilius
364 3390 414 3445 hoc
425 3391 527 3444 tonitru
541 3403 625 3459 esset,
638 3413 724 3463 quum
771 3387 884 3442 lectione
892 3407 947 3442 nou
957 3401 1075 3458 opuscul,
1085 3387 1284 3457 namqueetiam

209 3469 373 3523 naturalibus
383 3489 415 3523 ex
421 3471 504 3524 causis
512 3470 658 3539 profectum
667 3480 724 3526 uon
773 3470 916 3520 submisere
922 3485 1027 3521 sursum
1038 3467 1128 3521 tollere
1141 3475 1231 3528 notan
1241 3463 1286 3519 si·

210 3547 441 3600 videntum-Ter
447 3552 538 3600 tonuit.
548 3549 602 3602 Vll
612 3547 724 3601 Metam
773 3544 839 3611 lius,
854 3546 926 3613 ΧΠ,
941 3546 1008 3614 64οε
1023 3566 1037 3592 κ
1050 3545 1208 3600 Summissas
1221 3554 1286 3597 ten·-

208 3626 278 3699 619,
288 3627 403 3679 'Tour'lru
415 3628 552 3679 secuudum
563 3636 678 3680 vocatur.
775 3644 790 3670 u
801 3623 869 3676 dunt
885 3624 936 3676 alta
947 3623 979 3676 ad
994 3621 1124 3692 Capitolia
1138 3621 1258 3687 dextras,
1270 3641 1285 3668 τι

251 3707 309 3773 371.
325 3707 353 3758 A
363 3709 448 3759 mediis
461 3711 571 3774 maone,
588 3725 603 3759 a
618 3724 725 3759 summo
774 3703 820 3756 ubi
832 3702 891 3757 vide
908 3702 1043 3758 Drakenb.
1061 3701 1154 3772 Quid,
1169 3700 1240 3770 quod
1258 3710 1286 3754 et

212 3783 294 3850 celo,
305 3785 403 3839 ubios-x
409 3785 493 3840 Jovis.
500 3785 600 3838 Matar.
611 3796 640 3839 et
648 3786 726 3839 Voss.
775 3782 850 3837 notio
858 3783 997 3851 rofisurtim
1005 3779 1031 3836 h.
1039 3801 1063 3834 v.
1072 3782 1153 3846 inest,
1162 3779 1286 3852 (livius,

213 3863 241 3917 A
249 3865 334 3914 mediis
345 3866 426 3916 subulo
442 3867 529 3916 celum
544 3865 670 3916 discedere
680 3867 727 3916 vi-
776 3861 873 3916 xxvl
888 3899 896 3926 ,
910 3862 956 3928 44,
974 3881 987 3906 ι
1004 3859 1118 3913 subsidia
1129 3857 1256 3914 submissa
1272 3873 1288 3909 e

214 3945 321 4000 sumcsl,
330 3958 410 4006 quam
417 3938 475 3993 lect.
482 3940 630 4011 elegantem
637 3941 727 3993 Heiu-
777 3961 791 3988 »
802 3941 891 3996 castris
902 3940 935 4004 n)
948 3957 1007 4009 qun
1015 3938 1065 3992 hoc
1073 3937 1132 3992 loco
1141 3937 1210 3990 bens
1218 3953 1287 3989 cou-

213 4017 266 4070 sius
278 4015 389 4085 iudicat,
405 4037 488 4088 quum
503 4022 630 4075 discedere
639 4025 727 4073 caeluus'
776 4019 856 4073 venit.
868 4017 942 4072 MSS
949 4016 1073 4070 meliores
1086 4011 1215 4082 (etRegii
1224 4029 1290 4066 nos·

214 4094 329 4148 formida
339 4096 410 4149 sitin
423 4096 472 4149 hac
481 4115 511 4149 re
523 4097 656 4151 solemnis.
669 4098 729 4151 Pe·
778 4093 833 4164 tri)
848 4095 947 4149 habeut
959 4113 1031 4155 suos,
1048 4091 1120 4161 quod
1132 4110 1192 4146 eum
1204 4091 1293 4145 Mitt·-

216 4171 292 4226 xinde
300 4173 570 4240 est,utrumvsrbum
579 4175 664 4244 eligas.
672 4173 730 4228 Pli-
778 4169 1101 4242 cherlichioprsstulirusu.
