3025 5009
329 471 332 478 ’
431 513 960 584 1nov1n11rusros.
1168 514 1235 600 45⁵

152 653 281 732 ordinis
305 655 536 755 indignatione
561 675 596 734 et
624 658 747 734 invidia
768 687 789 734 a
807 656 944 749 Flavio,
970 657 1076 761 Appii
1104 657 1238 735 Claudii

151 781 286 872 scriba,
309 779 444 857 homine
463 781 583 857 callido
605 801 636 858 et
653 781 773 884 populi
794 782 940 858 imorem
959 800 1114 885 captante
1128 841 1149 892 ⁹,
1160 811 1238 859 cum

150 905 271 981 iisdem
294 907 539 988 commentariis
566 907 766 1010 pontificum
786 910 931 1010 primurn
953 907 1126 1010 prodirent
1142 915 1165 982 ¹.
1184 911 1239 984 Ex

152 1055 194 1104 eo
210 1030 289 1107 inde
306 1047 456 1133 tempore
469 1032 568 1124 lasti,
587 1033 634 1108 ita
651 1034 850 1135 comparati,
868 1052 908 1107 ut
924 1032 995 1108 dies
1004 1033 1081 1107 fasti
1096 1033 1238 1108 nefasti·

152 1179 219 1256 qne
236 1171 297 1228 etc.
315 1154 397 1230 ldus
414 1173 449 1230 et
463 1158 590 1248 Nonae,
606 1156 876 1259 precipuesen'oe
889 1183 995 1231 omnes
1008 1171 1101 1230 statu
1112 1170 1145 1230 ct
1160 1171 1237 1229 tcm-

144 1277 272 1377 plorum
304 1277 512 1354 dedicatorum
535 1281 762 1366 anniversanb,
789 1279 933 1354 subinde
951 1309 1005 1355 res
1027 1279 1178 1382 quaedam
1201 1281 1238 1355 in

149 1397 322 1500 republica
337 1402 469 1498 egregie
486 1419 586 1498 gesta
602 1391 654 1476 ibi
671 1419 934 1492 annotareutur,
956 1398 1028 1477 non
1044 1403 1155 1478 solum
1170 1432 1238 1506 pu·

148 1522 237 1598 blice
254 1523 291 1598 in
306 1521 381 1600 soro
397 1541 432 1600 et
446 1523 521 1601 aliis
537 1524 620 1600 locis
634 1526 883 1628 rapnidim,
903 1527 964 1602 sed
977 1541 1011 1601 et
1025 1526 1183 1630 privatim
1198 1528 1235 1603 in

148 1645 358 1748 porticibus,
377 1647 490 1739 atriis,
514 1647 713 1751 plerumque
729 1647 858 1752 lapidi,
881 1649 1050 1726 interdum
1069 1651 1126 1726 acri
1141 1649 1238 1727 incisi

147 1757 387 1846 habebantur,
455 1819 459 1830 .

199 1895 266 1970 Per
289 1895 408 1970 urbem
432 1895 672 2000 dispositorum
702 1895 854 1998 exempla
882 1895 1048 1972 habemus
1078 1898 1113 1971 in
1141 1897 1236 1973 fastis

149 2016 259 2092 Fulvii
273 2017 460 2096 Nobilioris
470 2019 508 2097 in
521 2019 647 2123 templo
656 2019 812 2096 Herculis
822 2019 1005 2123 publicatis
1014 2022 1187 2121 (Macrob.
1199 2025 1233 2112 l,

156 2143 247 2242 12),
267 2144 326 2244 qui
342 2141 429 2218 infra
444 2142 510 2218 alio
526 2146 661 2219 nornine
677 2143 837 2219 laudandi
851 2164 931 2222 sunt
946 2165 980 2222 et
991 2144 1027 2221 in
1039 2145 1235 2242 fragmentis

149 2264 310 2342 fastorum
331 2293 392 2368 per
412 2267 531 2341 nrbem
549 2267 693 2342 inventis
710 2267 746 2342 in
763 2296 884 2370 campo
898 2269 1024 2359 Florae,
1047 2269 1084 2344 in
1104 2271 1238 2372 Exqui-
1353 2269 1356 2273 ’

149 2387 205 2465 liis
223 2408 284 2484 etc.
309 2394 325 2486 (
343 2389 417 2464 vide
432 2389 520 2464 infra
531 2393 557 2483 ).
587 2391 752 2465 Eumdem
770 2375 880 2467 autern
901 2392 1092 2468 tabularum
1109 2421 1239 2495 propo·

149 2513 334 2588 nendarum·
353 2539 480 2590 morem
503 2513 537 2588 in
557 2513 750 2615 municipiis
771 2515 870 2589 etiam
893 2513 1035 2618 aliisque
1052 2515 1157 2592 Italiac
1175 2546 1237 2618 op·
1327 2527 1340 2546 ⁸

149 2637 240 2739 pidis
257 2635 461 2729 obtinuisse,
486 2654 565 2740 post
583 2635 888 2736 Ovidium(Fast.
908 2638 977 2727 Vl,
1002 2637 1082 2739 59)
1104 2639 1166 2713 ubi
1192 2639 1236 2714 ad

148 2757 256 2836 fastos
263 2761 440 2850 Aricinos,
451 2759 695 2847 Laurentibus,
714 2760 1237 2863 Praenestinosprovocat,sasto·

148 2915 224 2962 rum
237 2887 422 2984 fragtnema
430 2905 522 2962 extra
530 2886 650 2961 urbem
660 2906 694 2966 et
706 2887 744 2962 in
755 2885 900 2962 aliorum
911 2887 1116 2991 oppidorum
1126 2888 1235 2964 ruinis

148 3051 290 3122 adsaslos,
302 3055 667 3122 nonadcommentarr'ospon·
711 3059 818 3123 posuit,
839 3064 871 3107 ut
883 3056 986 3123 quando
1004 3057 1058 3123 lege
1069 3060 1118 3124 agi
1127 3065 1231 3122 posset,

148 3135 246 3204 testeum
255 3135 429 3197 adnitamur,
453 3152 489 3186 ne
506 3151 536 3188 ea
556 3133 669 3203 quidem
714 3129 919 3186 admoneant.
929 3130 1124 3200 Vatlttant,
1134 3149 1163 3200 v,
1173 3133 1195 3203 ᾖ
1205 3153 1234 3187 a:

149 3211 259 3278 scimus,
273 3230 332 3281 quae
341 3231 435 3266 ornnes
443 3211 576 3282 peregrini
586 3210 667 3265 etiam
716 3209 1154 3280 Fastospaenetotosoroesposnr't:
1163 3209 1236 3265 unde

149 3291 255 3360 sciunt,
284 3289 405 3344 consules
422 3290 450 3344 in
467 3289 556 3343 locum
572 3309 667 3361 regum
715 3288 828 3344 foetam
839 3307 885 3343 eos
896 3285 1039 3344 duodecim
1051 3289 1236 3361 tabulis,qua·

148 3365 321 3424 successisse?
338 3387 389 3424 nec
401 3378 448 3423 aut
460 3369 526 3439 juris
541 3380 587 3424 aut
602 3389 667 3424 ma·
716 3388 780 3424 rum
789 3369 900 3440 singule
910 3369 1028 3440 singulos
1039 3389 1147 3426 menses
1160 3390 1236 3426 com-

149 3447 249 3515 jestatis
257 3446 399 3517 quicquam
407 3446 519 3511 babere,
529 3447 601 3517 quod
611 3466 667 3502 non
716 3446 918 3520 prehenderent
928 3489 936 3516 ,
948 3459 980 3503 ut
991 3460 1082 3520 postea
1094 3450 1153 3504 fieri
1164 3450 1235 3504 sole-

148 3525 291 3597 inregibus
302 3536 363 3581 ante
376 3525 477 3583 suerirt
489 3551 503 3575 »ι
512 3555 545 3568 -
554 3525 667 3599 Quaedo
716 3525 777 3593 bat,
790 3536 931 3581 contentos
945 3525 1027 3582 luisse
1042 3526 1128 3597 colligi
1141 3537 1234 3596 potest

148 3605 210 3673 jure
227 3605 367 3660 considunt
381 3605 418 3659 ibi
431 3605 515 3661 celato
528 3607 667 3677 queritur,
716 3605 842 3660 -rlntea
851 3605 925 3660 euim
939 3607 1035 3677 singuli
1045 3605 1101 3681 dies
1112 3605 1172 3659 festi
1182 3625 1235 3674 pu-

148 3685 259 3739 nonnisi
277 3683 310 3740 ad
327 3685 534 3740 commentarios
551 3685 668 3756 pontili-
716 3683 783 3738 blice
800 3703 849 3755 per
860 3685 957 3738 urbem
969 3683 1141 3752 praenuntiati
1152 3693 1233 3750 sunt,

147 3781 211 3818 cum
222 3763 375 3833 pertinent,
392 3763 419 3818 in
432 3763 527 3833 quibus
539 3764 581 3832 jus
592 3765 667 3818 civile
716 3763 760 3816 rel
772 3761 795 3816 si
807 3762 866 3832 quis
878 3762 952 3833 prim
965 3761 999 3816 de
1011 3761 1042 3815 iis
1054 3761 1121 3816 scire
1132 3760 1234 3830 voluit,

148 3842 357 3902 continebatur,
378 3839 459 3895 fastos
480 3851 570 3895 autem
589 3841 668 3896 simul
717 3840 872 3911 apontifice
888 3860 934 3895 eos
951 3851 1042 3910 petere
1059 3837 1159 3893 debuit.
1177 3838 1234 3895 cic,

148 3920 290 3988 nominat,
307 3937 391 3990 quum
401 3918 433 3972 ad
444 3917 517 3974 idem
529 3919 571 3989 jus
581 3920 669 3990 perti-
717 3938 768 3989 pro
783 3917 902 3972 Murena
923 3939 951 3972 11
968 3937 975 3971 :
991 3918 1076 3971 Erant
1091 3917 1119 3969 in
1138 3937 1235 3990 magna

149 4008 257 4054 nerent.
717 3996 837 4066 potentia
850 3996 895 4066 qui
907 3994 1129 4065 consulebantur,
1147 4015 1161 4048 a
1174 3996 1236 4067 qui-

184 4082 195 4112 ¹
213 4077 327 4132 Factum
339 4087 397 4133 erat
406 4097 478 4133 anno
490 4077 670 4148 u.c.440.1i-
717 4075 767 4128 bus
774 4074 854 4128 etiam
862 4072 928 4140 dies,
938 4083 1073 4143 tamquam
1082 4071 1236 4128 aCbaldaeis

150 4157 225 4223 vius,
239 4155 294 4224 lx,
308 4155 341 4223 45
356 4177 363 4211 :
380 4157 461 4212 Cebr‘le
472 4156 520 4223 jus
535 4159 669 4224 repositum
718 4150 975 4223 petebantur-Ad
987 4150 1052 4205 illud
1061 4162 1166 4222 tempus
1175 4171 1240 4221 per·
1275 4214 1280 4224 ,

152 4241 180 4293 in
186 4237 361 4302 penetralibus
368 4238 516 4306 panificum
526 4238 668 4304 evulgavit,
719 4235 787 4289 tinet
798 4232 958 4288 hauddubie
971 4233 1085 4288 Arnobii
1095 4233 1167 4288 locus
1177 4231 1237 4286 adv.

144 4313 285 4385 fastosque
300 4313 468 4384 circulorum
485 4319 514 4370 r'n
530 4317 590 4370 alto
601 4334 670 4384 pro-
720 4313 897 4386 gentcs,Vll
909 4334 916 4370 z
930 4313 1038 4371 Levatio
1048 4315 1141 4370 matris
1148 4313 1240 4367 Deum
