3025 5009
442 475 965 550 1uov1n11rssros.
1174 480 1242 575 499

164 604 561 698 vitamserenomudicam
574 621 751 698 ascendere
767 640 921 724 possunt.
942 619 1059 696 Palilia
1077 620 1135 698 illa
1151 625 1242 724 (vid.

165 742 254 814 Fast.
272 739 343 826 IV,
366 739 463 840 721)
483 738 556 842 ipsa
580 742 689 816 Roma
715 739 903 841 antiquiora
926 738 1119 813 memoriam
1143 740 1245 816 nobis

169 874 342 934 servarunt
354 856 461 945 Polis,
482 858 521 933 de
539 886 607 960 quo
623 858 761 946 numine
773 875 841 932 tam
853 885 973 958 perum
987 856 1109 958 liquet,
1122 876 1162 934 ut
1174 857 1247 934 aliis

168 973 310 1062 semina,
335 973 409 1050 aliis
429 1003 501 1050 mas
522 975 699 1064 videatur,
727 973 820 1076 quod
834 973 877 1048 ad
892 973 1065 1074 antiquam
1081 991 1246 1064 statuam,

169 1092 264 1190 cujus
278 1119 375 1168 sexus
391 1122 460 1169 non
475 1093 618 1196 amplius
631 1092 814 1195 apparebat
824 1149 834 1182 ,
843 1091 944 1167 refert
955 1089 1006 1166 Ill.
1021 1093 1120 1167 Lens.
1132 1093 1175 1167 ad
1184 1093 1206 1166 Ι.
1217 1123 1244 1170 c.

170 1209 319 1286 Plurima
333 1239 374 1287 eo
387 1211 545 1301 redeunt,
564 1211 788 1316 procreationi
803 1227 838 1286 et
854 1210 1061 1308 generationi
1078 1238 1150 1286 eam
1165 1241 1249 1314 pre·

169 1325 294 1416 fuisse,
314 1326 406 1428 qnod
425 1344 458 1401 et
475 1327 586 1430 ipsum
600 1319 677 1402 sesti
696 1353 821 1402 nomen
836 1327 982 1416 indicat;
1002 1330 1173 1402 nonenim
1187 1359 1250 1431 pro

170 1442 307 1545 pecudis
323 1442 432 1518 solum
444 1500 454 1532 ,
468 1443 528 1518 sed
545 1461 579 1519 et
594 1442 771 1519 mulierum
783 1442 1003 1533 fecunditate,
1022 1472 1062 1518 eo
1077 1440 1163 1520 sesto
1175 1464 1252 1522 vota

172 1577 325 1661 suscepta
341 1559 483 1656 legimus
502 1567 532 1648 ¹,
548 1557 692 1634 etaltera
702 1561 1003 1661 scripturaPon'lab
1015 1559 1056 1659 (a
1065 1563 1251 1664 pariendo)

171 1677 238 1752 hoe
251 1693 364 1778 aperte
383 1673 505 1749 innuit.
524 1676 736 1777 Comparatis
753 1675 910 1776 pluribus
922 1678 1081 1767 vocibus,
1100 1681 1257 1758 ubiletr

175 1803 380 1868 commutata
396 1809 492 1877 sunt,
512 1809 545 1864 et
556 1792 587 1864 in
604 1820 636 1865 se
648 1791 790 1866 invicem
801 1793 974 1882 abierunt,
993 1793 1129 1890 (ceria,
1143 1796 1254 1887 caelia,

173 1915 295 2008 λείριον,
316 1906 446 1994 lilium,
475 1903 516 1980 cs.
542 1905 635 2007 quod
657 1895 758 1981 ovid}
777 1921 883 1982 tentat
896 1906 939 1980 de
954 1909 1126 1982 Remuriis
1143 1928 1177 1985 et
1191 1914 1255 1987 Lc-

175 2023 325 2117 mnriis)
351 2020 418 2123 ipsi
442 2019 616 2123 scripturae
640 2020 738 2096 Pales
759 2035 791 2097 et
816 2020 939 2096 Polilr'c
971 2023 1057 2102 hauc
1083 2025 1256 2100 notionem
1356 2122 1358 2126 .

175 2143 284 2219 inesse
298 2141 367 2215 sere
383 2139 561 2216 crederem.

232 2257 315 2360 Opis
333 2283 455 2333 nomen
475 2255 607 2330 divitias
626 2272 660 2330 et
680 2253 887 2358 opulentiam
906 2256 1009 2358 prisci
1032 2256 1180 2334 bominis
1201 2288 1256 2334 ru·

177 2373 274 2464 stiei,
297 2403 370 2476 qnae
386 2375 422 2447 in
436 2372 485 2447 rei
500 2371 662 2474 pecuariae
680 2389 713 2446 et
729 2400 867 2470 gregum
882 2373 1054 2448 affluentia
1071 2391 1150 2450 tote
1166 2404 1258 2451 com·

175 2489 487 2592 prebendebantnr,
512 2486 633 2564 reserre
655 2486 797 2562 videtur.
817 2489 893 2590 Ops
911 2516 982 2564 esse
999 2495 1070 2576 o'r's,
1097 2491 1193 2579 ovis,
1218 2509 1259 2566 ut

177 2613 265 2694 δαὶς,
291 2606 392 2707 daps,
418 2622 451 2680 et
471 2631 490 2676 a
510 2602 638 2705 pecude
660 2601 703 2678 ad
726 2630 859 2678 omnem
889 2602 1135 2702 possessionem
1169 2606 1259 2680 anti-

178 2723 293 2826 quitus
308 2718 506 2798 translatum
517 2747 590 2794 esse
597 2719 665 2820 jam
677 2718 775 2819 prius
784 2719 954 2794 monitum
964 2738 1016 2796 est
1029 2730 1061 2811 ²3
1078 2721 1144 2795 vid.
1158 2725 1257 2798 Voss.

177 2839 220 2914 ad
233 2837 304 2915 Ecl.
324 2841 377 2926 X;
397 2835 516 2933 scalig.
536 2835 578 2910 ad
595 2835 683 2910 Fest.
702 2835 736 2910 b.
753 2864 784 2909 v.
804 2834 872 2909 Pro
886 2835 1023 2911 Saturni
1039 2837 1181 2938 conjuge
1192 2839 1258 2937 jam

178 2978 259 3032 tnnc
276 2955 379 3031 suisse
395 2954 567 3041 habitam,
582 2949 705 3055 Opalia
718 2978 795 3025 cum
804 2950 1040 3028 scematibus
1058 2955 1256 3052 conjuncta,

155 3120 159 3136 ι
181 3095 214 3150 et
230 3073 317 3174 Opis
335 3101 412 3146 curn
430 3071 552 3158 llbea,
579 3067 683 3142 Croni
708 3094 838 3156 uxore,
861 3069 1078 3144 commutatio
1101 3068 1258 3145 innuunt.

182 3187 357 3265 blacuobio
376 3189 438 3285 (Ι,
464 3185 535 3284 ιο)
552 3186 628 3287 ipso
645 3213 721 3260 cum
732 3185 880 3262 Saturno
895 3184 1030 3282 frugum
1044 3203 1079 3260 et
1090 3185 1262 3262 fructuum

182 3325 371 3410 repertores
385 3305 559 3392 dicuntur,
576 3330 667 3377 nunc
677 3319 837 3403 tanquam
854 3302 930 3378 vitae
941 3300 1092 3380 cultioris
1103 3323 1259 3379 auctores

216 3490 223 3517 ¹
243 3482 341 3542 Tibull.
353 3483 397 3552 ll,
410 3498 443 3549 ν,
458 3499 505 3554 91:
519 3479 633 3549 Etselus
644 3497 698 3531 ma·
746 3477 863 3534 hominis
872 3477 954 3550 sopite
964 3480 1146 3545 versabantur,
1158 3483 1259 3547 πολύμη-

180 3577 254 3618 trm
261 3567 336 3617 dabit
344 3573 394 3616 etc.
404 3562 511 3614 Festus:
523 3557 619 3614 Parilia
630 3555 697 3612 leste
745 3565 797 3621 λοι,
815 3562 933 3633 eotdepvce
944 3556 1014 3628 apud
1026 3558 1178 3612 Homerum
1189 3575 1258 3626 sepe

181 3645 229 3698 sibi
247 3638 410 3698 observanda
434 3635 554 3709 judicant
572 3637 695 3707 privatim
745 3635 1005 3690 notionemdivitum
1013 3634 1257 3706 prebent,utinde

152 3717 157 3730 '
181 3721 242 3788 ipsae
251 3737 356 3788 quoque
367 3733 503 3785 puerperae
513 3713 585 3768 domi
594 3714 621 3765 in
630 3721 696 3766 stra-
741 3719 852 3780 pecunia
864 3711 975 3780 dicitur,
986 3724 1015 3767 nt
1027 3711 1097 3782 apud
1105 3713 1258 3766 Homerum

182 3800 230 3867 tis,
244 3810 274 3853 ut
285 3795 414 3868 pariendo
430 3796 462 3849 ab
479 3795 509 3848 iis
523 3791 696 3848 stabiliantur.
745 3796 845 3868 :petere
862 3794 1041 3859 (raeddedes
1053 3793 1128 3858 Gur)
1140 3809 1199 3862 que
1210 3817 1261 3848 xre·

184 3879 226 3932 De
246 3879 314 3932 votis
331 3895 380 3948 pro
397 3872 504 3946 pecudis
526 3882 621 3942 partu,
636 3868 696 3924 vide
745 3879 839 3942 μηλίοις
859 3882 1053 3943 opponuntur,
1078 3883 1106 3926 et
1125 3871 1259 3942 hodieque

182 3956 263 4010 etiam
275 3953 387 4028 Dionys.
396 3955 426 4019 l,
440 3952 485 4020 88,
497 3961 524 4005 et
535 3949 616 4006 Ovid.
628 3949 644 4002 l.
657 3969 679 4003 c.
746 3953 842 4024 passim
854 3953 881 4007 iu
890 3952 1035 4008 Germania
1046 3951 1260 4023 taurr'm'lfoxtv

215 4037 227 4066 ²
244 4033 288 4088 Ab
306 4033 362 4103 ipsa
379 4031 467 4088 torma
479 4029 646 4100 opis...ovis
658 4037 697 4082 est
746 4034 796 4085 das
811 4034 868 4086 Get
883 4042 1027 4098 vocantur,
1043 4030 1081 4086 ita
1092 4050 1153 4099 opes
1167 4041 1260 4101 postea

184 4114 283 4185 opilio,
301 4132 350 4184 pro
363 4132 417 4183 quo
428 4123 456 4166 et
468 4111 546 4166 ovilio
558 4109 698 4180 reperitur.
747 4107 781 4163 de
803 4108 927 4163 omnibus
942 4148 949 4177 ‚
970 4126 1143 4179 quiscumque
1166 4107 1260 4178 aliquit

187 4193 254 4250 lnde
267 4195 423 4266 opulentus,
436 4194 518 4264 inops.
530 4191 570 4245 Ut
582 4200 670 4244 autern
683 4209 698 4242 a
747 4185 953 4258 possideat,diri
963 4184 1258 4258 representatum.

187 4273 305 4346 pecude,
322 4275 348 4328 in
369 4271 423 4353 eiuo
441 4289 535 4327 omnes
547 4270 605 4324 lere
621 4269 697 4340 prisci
748 4265 823 4337 epist.
833 4265 917 4338 myth.
932 4265 958 4336 1,
974 4285 1018 4360 ¹7·-
