3025 5009
289 439 354 522 4s2
683 438 971 508 excussos

287 581 568 656 constructionem
585 583 621 655 in
636 611 734 657 usum
748 609 867 656 vocare
882 581 1016 672 debuit,
1045 579 1211 684 siqnidem
1223 583 1266 656 ad
1283 611 1360 658 enm

286 701 431 801 primum
447 729 485 774 ea
496 699 638 774 refertur
652 697 744 788 laus,
762 698 984 795 Vergiliarum
1001 715 1155 774 exortum
1171 729 1240 774 non
1257 727 1362 802 appa-

285 836 412 892 rentem
423 834 552 892 tantum
569 834 603 892 et
617 814 802 906 heliacum,
820 817 879 893 sed
891 817 1072 892 cosmicum
1085 835 1119 892 et
1129 846 1245 892 verum
1256 845 1363 918 expo-

287 933 415 1020 suisse,
433 949 467 1006 et
479 948 558 1035 post
568 931 637 1032 ejus
651 949 819 1033 tempora,
838 931 1072 1006 accedentibus
1080 930 1153 1006 aliis
1162 932 1363 1032 etiam,quae

286 1079 324 1125 cx
341 1051 395 1125 bis
410 1050 542 1125 ortibus
552 1069 586 1125 et
599 1050 772 1126 occasibus
784 1049 942 1126 notandis
958 1050 1195 1152 sperabantur,
1212 1079 1363 1125 commo·

287 1165 355 1253 dis,
375 1182 466 1249 certo
481 1183 516 1239 et
528 1163 703 1240 artificiose
718 1163 923 1266 reliquorum
936 1165 1035 1239 etiam
1051 1163 1197 1238 siderum
1211 1181 1364 1265 tempora

285 1297 401 1354 notata
418 1307 489 1354 esse
507 1279 705 1354 invenimus.
722 1278 957 1354 Cernebantur
966 1279 1037 1354 bac
1050 1277 1223 1352 commoda
1234 1279 1272 1351 in
1281 1279 1362 1352 anni

285 1393 520 1498 tempestatum
535 1397 699 1470 variarum
717 1423 757 1470 ex
773 1395 920 1471 siderum
933 1395 1082 1471 motibus
1098 1397 1276 1498 presagio,
1287 1413 1362 1469 tum
1440 1494 1444 1503 .

285 1515 327 1588 ad
343 1513 595 1610 agriculturam,
611 1534 682 1589 tnm
696 1515 738 1588 ad
753 1543 886 1590 omnem
903 1515 1005 1590 vitam
1018 1514 1209 1591 utilissimo.
1226 1516 1363 1589 Meteo-

284 1629 393 1726 rologi
405 1631 510 1714 enim,
531 1628 770 1704 sicuthodieid
778 1647 892 1726 agunt,
903 1628 1068 1703 utelnna
1079 1628 1218 1704 diversis
1230 1627 1362 1703 vicibus

286 1767 519 1850 tempestatum
535 1747 738 1824 mutationes
753 1749 972 1849 prasagiant,
995 1766 1075 1822 tunc
1097 1746 1260 1848 temporis
1285 1776 1364 1820 om-

282 1897 342 1943 nes
352 1868 436 1941 aeris
447 1867 647 1942 mutationes
658 1885 692 1942 et
703 1868 896 1968 temperies,
910 1883 1044 1952 ventos,
1053 1864 1201 1967 pluvias,
1211 1883 1273 1939 etc.
1285 1894 1362 1939 cum

282 1986 380 2059 certis
401 1983 544 2057 siderum
563 1981 696 2056 ortibus
714 1999 747 2055 et
765 1981 941 2055 occasibus
956 1981 1151 2080 conjunctas
1167 2008 1238 2054 esse
1252 2036 1262 2067 ,
1275 1997 1311 2053 et
1325 2009 1361 2053 re

283 2131 360 2175 vera
378 2100 420 2174 ab
440 2101 481 2173 iis
504 2098 667 2200 pendere,
687 2098 954 2185 arbitrabantur3
971 2115 1071 2198 atque
1088 2115 1300 2197 tempestates
1316 2098 1363 2170 ita

282 2247 373 2318 aque
384 2246 422 2290 ac
436 2215 581 2290 siderum
594 2232 708 2290 motus
721 2231 812 2288 certo
823 2243 885 2288 suo
900 2230 1048 2315 tempore
1059 2213 1167 2288 redire
1178 2231 1212 2287 et
1224 2214 1361 2314 praedici

282 2361 383 2441 posse
396 2331 585 2408 eredebant.

332 2459 513 2534 Maximam
528 2459 598 2534 baec
607 2486 660 2532 res
672 2457 714 2533 ad
723 2458 919 2561 popularem
930 2486 1029 2532 usum
1041 2458 1108 2530 rim
1121 2458 1252 2531 babuit.
1263 2457 1362 2533 Cele-

281 2573 419 2649 berrimi
431 2573 534 2670 igitur
547 2572 617 2672 ejus
628 2572 788 2673 temporis
797 2573 991 2659 astronomi,
1003 2571 1193 2646 rationibus
1202 2571 1244 2646 ad
1257 2589 1362 2647 astro

282 2689 430 2763 nomiam
448 2689 641 2788 sphaericam
658 2687 855 2777 subductis,
874 2685 1014 2782 singulis
1032 2687 1152 2761 diebus
1167 2705 1238 2760 tum
1252 2705 1363 2762 certos

283 2804 428 2880 siderum
445 2821 539 2877 ortus
551 2819 585 2876 ct
594 2829 749 2890 occasus,
768 2820 803 2876 et
815 2829 912 2876 veros
922 2818 1163 2904 ctapparentes
1176 2800 1239 2898 (ut
1251 2799 1365 2874 kalen-

283 2919 375 2992 daria
392 2917 485 2990 exiis
501 2933 656 3017 excerpta
672 2915 831 3015 docent);
845 2934 918 2990 tum
935 2933 1040 2990 certas
1056 2933 1267 3017 tempestates
1284 2945 1362 2990 cum

283 3035 541 3134 iisconjunctas,
554 3034 927 3136 quatenusexperientia
939 3033 1112 3122 docuerat,
1120 3033 1361 3135 adposuerunt

282 3155 410 3240 Meton,
431 3153 605 3240 Eudoxus,
623 3157 826 3242 Euctemon,
842 3155 1075 3242 Democritus,
1091 3153 1269 3254 Calippus,
1286 3155 1361 3228 Do-

284 3271 428 3360 sitheus,
443 3272 580 3344 nomina
592 3269 649 3344 illa
666 3269 931 3358 celebrialuere,
949 3269 984 3342 in
997 3298 1140 3370 quorum
1156 3269 1361 3343 observatio·

285 3384 403 3471 nibus,
421 3411 489 3456 non
506 3411 622 3457 eorum
637 3384 748 3458 solum
760 3401 909 3484 tempore
922 3385 980 3458 sed
994 3403 1027 3457 et
1038 3402 1173 3485 postea,
1192 3382 1329 3485 plurimi
1342 3413 1360 3458 e

246 3579 251 3588 ‚
286 3497 412 3573 Graecis
429 3516 463 3571 et
479 3497 639 3572 Romanis
657 3497 701 3570 ob
722 3497 924 3593 singularem
942 3497 1140 3588 utilitatem,
1160 3498 1223 3572 etsi
1239 3497 1285 3570 ob
1300 3499 1359 3571 aevi

282 3636 316 3694 ct
333 3617 418 3692 situs
433 3616 656 3690 diversitatem
673 3615 785 3688 minus
803 3616 1031 3703 convenirent,
1045 3618 1251 3718 acquiescere
1267 3614 1361 3692 soliti

284 3755 363 3810 sunt
383 3745 405 3809 ¹.
425 3738 475 3808 Ut
495 3736 530 3807 in
547 3733 642 3808 lastis
659 3732 843 3835 postmodo
863 3735 979 3805 Romae
1000 3733 1125 3806 lactum
1148 3752 1213 3820 est,
1237 3734 1285 3806 ita
1307 3751 1361 3806 ta-

283 3852 391 3943 bulae,
410 3851 446 3924 in
460 3851 585 3952 quibus
598 3850 668 3924 hac
683 3866 799 3923 notata
813 3847 922 3935 fuere,
940 3846 976 3920 in
994 3847 1126 3922 Graeciae
1139 3847 1283 3921 urbibus
1295 3877 1361 3950 pu—

317 4059 326 4088 ¹
344 4057 423 4110 Valet
436 4057 469 4109 de
480 4055 521 4110 bis
537 4057 711 4109 obser-ration.
724 4053 796 4123 quod
846 4063 1026 4115 Minimum
1035 4065 1128 4115 οωωρὶι
1140 4063 1276 4105 metrum:

286 4131 334 4187 alia
341 4132 374 4187 de
383 4153 411 4186 re
421 4135 513 4187 Festus
522 4133 639 4186 Avienus
647 4135 746 4204 Progn.
755 4135 795 4200 45:
845 4138 963 4190 Imditqu·
972 4140 1045 4178 muts
1053 4168 1061 4188 ,
1070 4139 1135 4177 tenuit
1143 4151 1185 4177 ren
1194 4139 1270 4178 Grai·
1278 4140 1348 4179 soth·

283 4223 554 4276 tttrussdnumerespeottu
563 4224 656 4264 munt·
666 4229 749 4262 rursum
844 4211 951 4262 mimo
961 4211 1054 4264 ΜΨ*
1063 4215 1335 4254 Mmmffllflm·
