3025 5009
286 472 329 539 26
559 478 599 541 P.
634 476 814 544 OVlllll
846 476 1074 546 NASONIS

328 610 507 712 Verbaque
523 613 710 689 honoratus
727 614 834 697 libera
851 634 976 718 praetor
990 615 1104 691 babet.

217 790 220 799 .
279 728 343 800 Est
360 757 515 829 quoque,
536 760 604 831 quo
622 732 789 834 populum
804 733 859 831 jus
876 751 927 809 est
943 731 1116 810 includere
1133 732 1261 834 septis:

329 844 393 916 Est
408 873 563 945 quoque,
582 848 641 948 qui
659 876 751 921 nono
770 874 901 949 semper
915 848 959 922 ab
977 848 1059 923 orbe
1076 847 1172 925 redit.
1187 862 1190 868 '

280 957 438 1034 Vindicat
453 962 622 1037 Ausonias
638 963 786 1049 lunonis
803 993 882 1039 eura
898 961 1085 1040 Kalendas:

330 1075 447 1151 Idibus
463 1076 537 1153 alba
553 1080 631 1152 lovi
648 1079 806 1176 grandior
822 1110 908 1175 agua
925 1082 1038 1155 eadit:

281 1193 451 1268 Nonarum
470 1195 571 1271 tutela
589 1198 662 1271 Deo
680 1215 770 1271 caret
784 1227 791 1270 :
807 1198 966 1273 omnibus
984 1196 1081 1283 istis,

329 1310 379 1381 Ne
396 1308 508 1385 lallare
527 1340 624 1403 eave,
644 1314 818 1413 proximus
834 1332 905 1387 ater
920 1313 994 1387 erit.

283 1423 392 1498 Omen
408 1426 450 1499 ab
469 1444 588 1501 eventu
606 1446 680 1502 est:
696 1428 767 1505 illis
782 1459 861 1505 nam
877 1432 990 1511 Roma
1007 1430 1129 1507 diebus

331 1540 461 1616 Damna
480 1544 545 1619 sub
561 1544 699 1619 adverso
718 1546 828 1619 tristia
843 1547 953 1624 Marte
972 1544 1060 1622 tulit.
1327 1569 1367 1620 6ο

315 1742 354 1795 53.
363 1742 528 1809 Macrobius,
540 1744 730 1809 «comitiales,
741 1745 796 1814 qui·
846 1745 1012 1815 Frequentat
1019 1746 1118 1800 Noster
1126 1743 1177 1797 boe
1184 1762 1293 1797 nomen.
1299 1742 1368 1796 Fes-

282 1840 296 1865 ιν
307 1819 356 1873 bus
365 1840 426 1873 cum
437 1822 535 1891 populo
544 1824 583 1892 agi
594 1824 669 1890 lieet,
680 1845 694 1869 »
704 1823 730 1876 id
739 1834 795 1889 est,
846 1832 887 1875 tus
899 1841 905 1875 :
920 1844 933 1867 «
947 1821 1093 1875 Ausoniam
1106 1820 1244 1891 appellavit
1253 1822 1364 1887 Auson,

282 1897 351 1967 leges
363 1898 441 1967 ferri,
460 1901 564 1955 suaderi
581 1902 796 1955 aut'dissuaderi.
846 1920 860 1946 s
874 1899 975 1971 Ulyssis
993 1908 1020 1951 et
1042 1896 1170 1971 Calypsus
1189 1897 1280 1964 filius,
1300 1918 1364 1951 eam

281 1974 336 2027 Sed
346 1976 441 2031 Noster
450 2019 458 2044 ,
468 1990 498 2033 ut
507 1991 598 2049 poeta,
611 1998 669 2035 rem
677 1982 797 2034 sensibus
847 2000 861 2025 a
873 1988 977 2047 partem
987 1977 1086 2043 ltaliss,
1104 1978 1132 2029 iu
1145 1994 1196 2045 qua
1212 1976 1290 2029 urbes
1300 1975 1363 2029 Be-

281 2054 409 2123 subjeeit,
421 2062 543 2126 populum
559 2063 688 2113 tncludere
700 2066 792 2128 reptat,
845 2080 859 2104 a
873 2068 1020 2110 neventum
1033 2068 1061 2109 et
1073 2054 1150 2109 Cales
1163 2072 1170 2108 ε
1183 2053 1280 2107 deiude
1296 2072 1364 2123 pan·

282 2133 354 2200 quod
366 2154 398 2188 ex
406 2136 499 2207 Antiq.
514 2140 592 2192 Rom.
605 2141 802 2204 notum-Qus*
846 2158 860 2183 ι·
873 2135 947 2189 latim
964 2146 1019 2189 tota
1036 2134 1111 2187 ltalia
1125 2133 1194 2187 diota
1208 2132 1333 2185 Ausonis.
1346 2152 1362 2178 υ

282 2228 349 2263 nono
358 2221 407 2267 eto*
417 2214 572 2269 Institutum
585 2225 642 2268 erat
652 2216 694 2268 vel
705 2235 720 2268 a
733 2216 797 2269 lio-
846 2216 948 2288 lleynii
960 2234 1059 2269 excors.
1071 2213 1121 2279 lV,
1135 2212 1167 2265 ad
1180 2212 1243 2265 AEn.
1257 2212 1364 2265 Vll.—

282 2290 370 2359 mulo,
382 2292 441 2361 vel,
454 2304 485 2348 ut
494 2294 536 2347 alii
544 2293 669 2362 tradunt,
679 2314 693 2347 a
703 2294 797 2349 Servio
838 2296 1089 2353 'Noaamnmcaret
1102 2289 1189 2343 t'orrna
1198 2286 1363 2360 exquisitior,

283 2366 388 2437 Tullio,
402 2382 432 2423 ut
443 2384 503 2426 octo
515 2373 607 2427 diebus
617 2374 645 2427 in
658 2373 726 2443 agris
737 2392 799 2426 rus-
847 2392 944 2442 quam,
962 2373 1047 2427 Noua
1062 2372 1143 2425 tutela
1155 2370 1208 2423 Dei
1220 2378 1320 2423 carent.
1328 2396 1365 2408 —

283 2444 326 2497 tici
335 2464 400 2516 opus
409 2448 539 2518 lacerent,
549 2461 719 2504 nonoautem
729 2468 798 2519 quo-
850 2454 975 2505 Omnr'bus
983 2455 1043 2505 estis
1054 2462 1103 2505 etc.
1114 2448 1220 2504 Omnes
1232 2448 1303 2514 dies,
1317 2446 1366 2516 qui

283 2542 334 2593 que
343 2526 384 2580 die
393 2527 424 2581 ad
433 2540 610 2583 mercaturam
621 2527 797 2583 exercendam
847 2530 972 2599 postridie
990 2542 1067 2584 erant
1084 2528 1236 2596 Kalendas,
1255 2528 1367 2593 Nonas,

283 2604 405 2675 legesque
418 2608 581 2679 accipiendas
592 2610 709 2663 Romam
721 2606 799 2661 reni-
848 2608 911 2663 ldus
925 2608 991 2678 (dies
1000 2609 1197 2680 postriduanos)
1205 2648 1212 2673 ,
1221 2604 1369 2660 Pontifices

283 2694 352 2737 rent.
370 2684 439 2755 Lege
453 2686 598 2739 Hortensia
611 2684 753 2751 ellectum,
768 2693 799 2736 ut
847 2695 932 2749 atros,
949 2686 1095 2751 infaustos,
1113 2682 1249 2738 habendos
1260 2692 1369 2736 statue-

282 2760 340 2817 sasti
356 2776 443 2819 essent
460 2766 496 2819 illi
509 2765 581 2832 dies,
599 2765 694 2834 quibus
709 2762 800 2817 rustici
847 2774 930 2832 runt,
949 2784 1048 2835 nempe
1067 2768 1102 2817 ab
1121 2770 1216 2817 eventu.
1233 2760 1369 2815 Veterum

281 2841 341 2897 illes
349 2853 550 2917 qompvnerent·
559 2841 678 2895 Cautum
690 2852 799 2906 lamen,
847 2846 922 2899 enim
929 2845 1080 2915 superstitio
1088 2842 1121 2897 ad
1130 2842 1186 2896 dies
1196 2840 1367 2905 attendebat,

283 2941 318 2975 ne
337 2924 364 2975 in
385 2922 503 2994 primum
520 2922 586 2977 anui
605 2921 693 2988 diem,
712 2920 798 2973 autin
849 2924 1065 2995 quibusiisdem,
1079 2922 1124 2977 sed
1137 2922 1303 2975 diversorum
1316 2938 1370 2972 an-

284 3003 375 3057 Nonas
387 3002 515 3057 nundino
527 3002 662 3057 caderent
848 3022 964 3070 norum,
984 3022 1027 3056 res
1044 2999 1177 3055 mirabiles
1193 2997 1365 3060 accidissent;

317 3082 357 3133 55·
371 3079 414 3133 De
427 3084 563 3143 Kalendis,
577 3082 667 3133 Hills
680 3090 707 3133 ei
717 3081 801 3133 Nonis
849 3082 1118 3137 AEtianusVarstttst.
1128 3079 1172 3144 ll,
1186 3076 1366 3131 annonariis

282 3157 335 3211 vid.
346 3158 503 3213 Plutarchus
521 3157 623 3227 Quest-
639 3160 718 3213 lium.
733 3168 800 3211 tom.
849 3174 940 3217 autem
950 3172 1008 3231 post
1015 3180 1087 3213 saera
1098 3158 1141 3211 die
1151 3156 1286 3227 postriduo
1296 3154 1366 3209 lacta

284 3238 356 3304 Vll,
369 3256 427 3307 pag.
439 3257 490 3311 90,
503 3237 566 3292 edit.
576 3238 664 3292 Reisk
673 3236 799 3291 Mensem
849 3239 882 3293 ad
895 3238 1006 3304 Alliam,
1022 3235 1055 3289 ad
1063 3234 1241 3300 Cremeram,
1258 3232 1365 3286 multis-

283 3316 405 3369 lunarem
414 3315 799 3385 peperissehanedirisionem,
849 3337 901 3387 que
914 3318 968 3372 aliis
979 3316 1042 3370 loeis
1054 3334 1142 3386 pugna
1152 3312 1220 3365 male
1232 3322 1346 3366 cesserat
1356 3331 1364 3374 ;

284 3394 364 3447 docet
371 3393 468 3460 ldeler,
482 3414 506 3465 p.
518 3394 575 3447 350.
589 3394 627 3447 Ut
635 3395 699 3445 Idus
706 3410 801 3446 omnes
849 3396 950 3451 Gellius
961 3398 1039 3451 Noet.
1052 3396 1107 3448 An.
1121 3394 1157 3461 V,
1173 3413 1217 3463 17,
1227 3412 1259 3446 ex
1265 3390 1365 3444 Verrio

282 3472 365 3541 «lovi,
386 3472 423 3526 ila
441 3490 535 3526 01111101
555 3476 677 3526 Kalend!
696 3472 800 3526 «lunoni
849 3477 951 3531 Macco.
965 3476 1184 3530 -Burmannus
1200 3471 1244 3527 bic
1262 3480 1290 3524 et
1309 3469 1366 3523 aliis

283 3550 390 3605 tributae
404 3572 411 3616 ς
430 3550 600 3619 Macrobius,
620 3552 650 3618 l,
670 3556 706 3607 15.
724 3551 801 3606 Olim
849 3555 1007 3625 quibusdam
1020 3550 1083 3607 locis
1095 3548 1267 3619 damnassem
1277 3566 1327 3617 pro
1340 3550 1365 3601 d.

283 3632 358 3685 enim
376 3632 408 3685 ab
421 3626 514 3685 exortu
531 3630 602 3684 lune
619 3630 725 3684 initium
743 3640 801 3683 erat
841 3634 934 3703 firme
954 3634 1041 3687 notari
1059 3632 1133 3695 vult;
1152 3632 1253 3684 bonam
1273 3638 1369 3680 tamen

283 3710 434 3774 meusium
449 3710 553 3763 Lunam
565 3720 655 3763 autem
667 3719 695 3762 et
705 3708 802 3762 Juno-
848 3732 904 3766 esse
916 3712 1098 3777 locutionem,
1117 3719 1147 3761 ut
1152 3705 1285 3776 feunanum
1290 3704 1369 3772 serre.

284 3806 348 3839 nem
369 3786 493 3843 eamdem
515 3787 651 3859 putabant.
672 3784 801 3839 Kalendis
851 3788 984 3860 Compara
1001 3790 1082 3843 etiam
1101 3790 1265 3842 calamitates
1273 3781 1367 3849 serre,

188 3862 191 3873 ¹
283 3866 366 3937 igitur
375 3868 499 3921 omnibus
509 3866 632 3922 Pontifex
643 3865 749 3933 minor,
762 3873 801 3918 at*
849 3866 920 3937 quod
933 3879 960 3920 et
972 3864 1092 3932 afficere,
1111 3874 1138 3916 et
1150 3860 1218 3916 allici
1230 3858 1368 3913 calamita·

285 3963 337 4013 que
350 3942 454 4013 Regina
464 3962 599 3997 sacrorum
611 3962 671 3997 rem
682 3942 800 3997 divinant
849 3947 920 4000 tibus
936 3944 1073 4017 significat.
1091 3943 1139 3999 llla
1159 3952 1249 3995 autem
1266 3938 1366 3991 damna

284 4020 389 4076 Junoni
407 4021 546 4080 iaciebant.
564 4052 597 4065 -
616 4025 671 4076 Pro
689 4024 812 4077 Junomt.
848 4024 935 4077 verbis
946 4043 977 4075 ne
978 4023 1150 4090 saltarecaee
1159 4021 1240 4072 vitare
1251 4016 1370 4086 jubet.-

285 4103 412 4157 Heinsius
418 4102 535 4157 malebat
542 4101 801 4157 Iunonem-Kalen·
849 4100 979 4169 Excerpta
988 4100 1088 4161 Vossii,
1099 4108 1200 4167 septem
1210 4094 1268 4149 cod.
1276 4092 1370 4147 etedi·

285 4182 348 4249 das,
368 4182 498 4237 Romanis
512 4183 646 4253 proprias,
661 4180 725 4233 dixit
737 4182 801 4233 Au·
849 4178 887 4231 tio
902 4176 1015 4249 Gryplrii
1029 4195 1118 4229 averso
1132 4177 1219 4227 Made
1232 4172 1367 4226 exhibent.

284 4266 387 4328 sortus,
407 4271 437 4313 ut
449 4278 514 4313 vers.
531 4278 559 4327 r,
575 4276 677 4312 annum
690 4257 801 4310 Latium.
849 4256 955 4325 Nempe
978 4256 1083 4307 adverse·
1101 4252 1146 4305 Dii
1170 4262 1234 4306 sunt
1256 4249 1367 4314 infesti,
