3025 5009
459 467 515 536 ru
540 468 725 537 ov1o11
755 469 978 538 russos.
1189 467 1253 563 47¹

176 603 409 684 dedicatorum
431 605 652 682 anniversaria
672 605 810 682 Natales
832 607 945 682 vocari
961 602 1074 682 solent
1089 633 1121 682 c.
1139 635 1168 681 c.
1187 605 1258 682 dies

181 728 225 802 15
242 728 344 817 Maii,
359 728 420 802 ubi
434 727 594 832 templum
609 731 781 806 Mercurio
796 748 1001 807 exstructum
1015 758 1087 807 esse
1102 729 1258 821 uadunt}

178 852 279 927 Ovid.
298 853 341 942 V,
362 849 454 953 6893
477 852 517 927 cf.
536 851 608 928 Liv.
627 855 682 942 II,
706 872 790 942 XXI,
814 879 859 954 27
874 884 884 942 3
902 854 938 927 in
952 852 1085 929 kalend.
1103 855 1146 928 N.
1166 855 1259 931 Mer·

178 975 263 1050 curii
279 993 418 1050 vocatur
434 991 467 1052 ct
484 973 649 1052 Martialis
666 976 775 1050 canit:
813 965 817 974 ’

364 1131 446 1187 Mein
459 1131 627 1187 Mercurium
639 1132 745 1187 creatis
760 1131 831 1188 tum

226 1264 321 1339 For.
345 1263 439 1352 III,
467 1261 560 1365 849,
582 1264 622 1338 de
638 1262 851 1338 Tubilustrio
876 1281 909 1338 et
924 1264 1064 1340 Verrius
1089 1281 1122 1339 et
1142 1262 1260 1368 Lydus

176 1388 278 1489 (pag.
299 1385 370 1488 85)
387 1387 567 1463 lectionem
589 1387 812 1490 quorumdam
833 1388 931 1463 codd.
951 1406 984 1463 et
1000 1389 1134 1507 Heinsii
1151 1388 1260 1491 expli·

174 1511 338 1586 cationem
356 1529 468 1613 aperte
485 1510 667 1588 vindicant.
686 1511 831 1588 Plurimi
848 1511 898 1586 ibi
913 1511 1053 1610 legunt:

306 1679 420 1737 Summa
433 1681 489 1736 dice
502 1702 516 1737 c
531 1683 650 1753 quinque
665 1681 740 1736 tubas
755 1680 866 1736 lustrare
882 1698 992 1738 canorae

360 1771 508 1841 Admonet,
522 1783 549 1828 ct
562 1772 625 1828 sorti
637 1772 785 1828 sacrificare
798 1774 880 1839 Dm

177 1913 268 2016 quod
281 1913 326 1988 ad
343 1915 530 1990 Minervam
547 1914 744 1992 referebant.
765 1913 874 1991 Alior.
892 1913 1070 1990 lectionem
1094 1915 1169 1990 Deo
1190 1914 1257 2014 jam

176 2038 292 2113 Heius.
313 2037 355 2114 ad
371 2039 515 2115 Martem
531 2039 647 2115 referri
665 2037 782 2114 voluit.
809 2039 985 2114 Accedunt
999 2069 1090 2114 nunc
1106 2039 1176 2114 duo
1190 2057 1259 2116 tcs-

177 2161 334 2251 timonia;
354 2162 492 2237 Verrius
511 2194 519 2237 :
536 2162 646 2238 Fen'oe
670 2161 796 2248 Marti,·
823 2163 942 2265 Lydus
969 2194 978 2239 ε
1006 2172 1156 2265 καθαρμὸς
1182 2169 1259 2237 cat-

178 2319 279 2385 πιγγος
293 2343 303 2377 ,
316 2292 396 2384 τιμαὶ
409 2275 512 2388 Ᾰρέως
522 2295 570 2360 καί
581 2287 824 2388 Neptune-De
842 2287 919 2363 loco
933 2287 1137 2365 Tubilustrii
1149 2292 1258 2368 Varro

177 2411 402 2488 confirmatur.

223 2538 318 2613 Fost.
331 2535 498 2633 116354.
513 2537 617 2638 (add.
637 2537 773 2640 4Apr.)
784 2536 915 2613 Heinsii
925 2537 987 2612 riri
999 2539 1110 2634 magui
1121 2567 1259 2616 acumen

174 2661 265 2738 inre
283 2663 427 2760 graviori
448 2664 660 2765 dijudicanda
680 2664 778 2738 novis
800 2662 1038 2740 accedentibus
1058 2664 1260 2741 testimoniis

174 2787 383 2877 vindicatum
401 2816 517 2864 versus
535 2787 626 2863 enim
645 2777 808 2860 353-356
829 2815 934 2889 quum
953 2786 1000 2862 ita
1026 2786 1241 2884 legerentur:

308 2953 368 3010 Cur
380 2954 479 3010 vicibus
491 2954 565 3010 sactis
580 2955 673 3009 ineant
683 2955 822 3022 convicta,
841 2974 934 3025 quero

353 3043 434 3098 Tum
446 3045 546 3116 magis,
566 3043 678 3099 indictas
689 3045 930 3116 concelebrentque
942 3044 1030 3116 dapes.

312 3130 396 3202 Quod
410 3131 479 3185 bene
490 3135 597 3186 arularr'!
605 3129 698 3186 sedern
711 3131 904 3205 Berecynthia,
916 3130 1000 3199 dixin

363 3220 480 3293 captant
491 3229 596 3282 mutuo
605 3221 711 3286 aedibus
722 3241 805 3278 omen
817 3222 907 3286 idem

177 3349 338 3426 Heinsius
347 3377 416 3424 non
423 3345 623 3438 haherent
636 3348 730 3452 quod
742 3348 883 3429 referret
891 3356 925 3424 τὸ
936 3349 1078 3438 mutarit,
1099 3367 1165 3448 etos
1178 3348 1258 3426 Gel-

174 3469 223 3549 lio
239 3474 293 3563 11,
314 3474 377 3568 243
396 3493 430 3551 et
446 3475 583 3565 XVIII,
599 3499 638 3564 2,
652 3474 724 3550 lucc
740 3474 892 3550 convivia
900 3473 1071 3550 nobilium
1084 3473 1258 3570 Megalen·

174 3599 271 3674 sibus
289 3597 379 3676 ludis
396 3597 563 3676 celebrata
578 3599 740 3702 peculiari
758 3618 792 3675 et
809 3599 952 3676 solemni
970 3600 1109 3675 nominc
1129 3600 1259 3674 mutila·

173 3723 270 3797 triones
287 3721 400 3798 vocari
416 3721 553 3812 videns,
570 3723 658 3798 hanc
674 3751 792 3798 vocem
809 3723 1053 3810 obscuriorem,
1070 3722 1129 3798 scd
1146 3722 1182 3796 in
1196 3722 1259 3800 hac

172 3875 210 3921 re
217 3845 399 3922 solemnem
406 3874 500 3922 more
514 3875 577 3922 suo
589 3845 741 3922 hocloco
754 3845 918 3922 Ovidium
931 3874 1097 3948 exponere
1111 3847 1258 3938 censuit,

175 3987 209 4046 et
228 3997 395 4072 reponens
411 3997 475 4071 pro
489 3985 553 4046 turo
570 3971 669 4072 magis
685 3998 799 4045 vocem
816 3969 948 4044 mutulo
968 3970 1012 4044 ad
1034 3969 1120 4046 hanc
1142 3971 1259 4048 referri

175 4093 285 4170 voluit
300 4099 339 4167 τὸ
354 4093 488 4168 mutual.
513 4135 553 4150 -
568 4095 654 4170 Vere
672 4122 748 4172 cum
765 4092 961 4196 conjecisse,
985 4093 1198 4170 verisimilius
1219 4093 1259 4170 fit

176 4247 271 4296 novo
294 4221 336 4296 de
357 4249 422 4302 usu
439 4218 541 4320 buius
565 4219 656 4296 vocis
679 4219 857 4297 accedente
880 4219 1084 4298 testimonio.
1119 4219 1259 4296 Verrius
