3025 5009
453 471 509 540 ru
534 471 721 542 0v1u11
744 457 967 543 Fuscos,
1178 473 1245 572 457

297 677 419 735 Scilicet¹
432 679 475 735 hic
486 681 550 736 olim
562 681 666 753 AEquos
678 685 842 756 Volscosque
856 685 959 756 fugatos

364 773 478 830 Viderat
489 775 518 830 in
532 778 650 847 eampis,
665 777 761 848 Algida
773 789 860 847 terra,
874 778 946 844 tuin

301 867 384 924 Unde
396 869 550 926 suburbano
561 871 663 940 clareas,
677 873 816 943 Tuberte,
834 875 973 947 triumpho

364 961 464 1019 Vectus
479 985 506 1020 ea
518 966 545 1020 iu
559 967 660 1037 niveis,
683 967 829 1037 Postume,
841 968 926 1032 victor
936 969 1027 1040 equis:

167 1150 244 1227 coll.
260 1153 356 1228 Livio
370 1155 431 1243 lv,
451 1155 583 1257 ali-29,
602 1156 708 1230 inan.
727 1157 772 1230 U.
792 1156 863 1230 322
881 1155 1020 1248 incidit,
1040 1158 1153 1260 etjam
1173 1177 1245 1237 tum

165 1276 221 1352 hie
235 1305 308 1352 mos
323 1280 507 1356 obtinuisse
524 1280 666 1356 ridetur.
685 1279 846 1356 Similiter
861 1282 897 1355 in
910 1284 956 1356 D.
971 1283 1070 1357 Bruti
1087 1281 1243 1374 victoria,

167 1401 316 1503 Syphace
328 1402 417 1478 victo
434 1421 469 1478 et
483 1403 574 1492 aliis,
589 1402 614 1478 l.
629 1403 650 1478 l.
671 1433 698 1477 c.
718 1433 746 1479 c.
765 1422 799 1480 et
811 1405 886 1480 falsi
903 1406 1008 1505 igitur
1022 1425 1121 1498 sunt,
1140 1410 1168 1483 si
1186 1411 1246 1511 qui

166 1529 222 1622 (s.
242 1555 270 1600 c.
291 1527 438 1604 Siccaena
462 1527 503 1603 de
524 1528 698 1603 fastisGr.
721 1529 856 1625 Thes.)
880 1531 916 1604 iu
938 1533 988 1605 M.
1009 1531 1162 1606 Antonio
1180 1532 1247 1607 hoc

165 1649 311 1748 primum
335 1650 461 1726 factum
486 1678 558 1725 esse
583 1651 803 1726 contendunt.
829 1653 896 1727 Hic
920 1655 1038 1745 enim,
1062 1672 1101 1729 ut
1127 1656 1247 1731 Cicero

166 1773 319 1876 (Philip.
339 1777 395 1865 ll,
416 1775 495 1872 34)
514 1777 544 1850 ei
567 1775 703 1877 objicit,
726 1777 763 1850 in
785 1777 879 1853 lastis
901 1778 944 1854 ad
964 1778 1162 1882 Lupercalia
1185 1781 1247 1855 ad·

154 1896 268 2000 ¹scribi
281 1897 442 1996 jusserat:
458 1897 497 1973 C.
514 1897 649 1987 Cursori,
665 1897 811 1975 dictatori
816 1917 981 2004 perpetuo,
1001 1901 1055 1977 M.
1066 1905 1250 2018 Antonino·

164 2023 317 2096 consulem
320 2025 431 2125 popula
434 2054 544 2130 jussu,
562 2055 685 2129 regnum
695 2025 855 2115 detul'ssc,
871 2025 1027 2104 Cererem
1039 2029 1249 2114 utiuoluisst

167 2145 226 2246 qui
243 2144 337 2223 locus
351 2175 443 2250 reque
459 2179 496 2224 ac
516 2149 585 2224 Cic.
605 2151 647 2225 ad
659 2152 805 2226 Brutum
822 2152 864 2224 15
876 2182 884 2225 :
898 2185 917 2219 a
933 2155 1008 2249 Ego
1019 2152 1124 2226 Decio
1136 2153 1246 2228 Bruto

168 2303 186 2336 u
207 2267 370 2362 liberato,
390 2300 493 2376 quum
504 2272 695 2350 laetissimus
709 2274 766 2349 ille
780 2277 905 2352 civitati
920 2277 992 2353 dies
999 2276 1178 2367 illuxisset,
1188 2278 1247 2354 de·

169 2429 186 2460 »
208 2397 313 2486 crevi,
332 2414 372 2471 ut
385 2399 422 2471 in
439 2397 534 2472 fastis
552 2398 596 2472 ad
618 2427 695 2472 eum
716 2399 804 2473 diem
819 2401 919 2474 Bruti
936 2429 1060 2476 nomeu
1076 2401 1247 2476 adscribe-

167 2552 185 2584 >³
205 2537 299 2594 retur
316 2553 334 2585 »
351 2519 394 2594 ad
412 2521 518 2596 sastos
535 2519 726 2598 kalendares
741 2523 834 2596 haud
851 2523 953 2598 dubie
970 2525 1127 2625 pertinet.

215 2642 320 2740 Quod
334 2645 453 2718 sivero
467 2643 502 2718 in
517 2643 591 2720 aliis
605 2643 701 2720 lastis
714 2643 795 2720 alias
812 2675 865 2721 res
880 2664 989 2742 gestas
1005 2664 1184 2722 annotatas·
1193 2676 1248 2721 re-

163 2767 328 2867 perimus,
338 2765 482 2842 diversas
493 2767 633 2842 diversis
641 2768 869 2871 temporibus,
879 2799 919 2844 ex
929 2770 1074 2870 cujusvis
1084 2771 1245 2872 temporis

163 2891 355 2966 adulatione
372 2893 554 2994 petendum
569 2911 639 2983 est,
658 2922 732 2995 quae
748 2894 986 2997 imperatorum
1002 2875 1186 2997 praesertim
1208 2912 1243 2972 et

165 3014 313 3090 viromm
328 3015 508 3091 illustrium
521 3045 574 3092 res
592 3033 701 3112 gestas
714 3017 763 3091 ita
777 3019 945 3094 memoriae
957 3019 1113 3094 mandare
1125 3018 1243 3094 voluit.

200 3242 208 3272 ¹
226 3241 334 3302 &ilicet
344 3237 680 3310 particulatransitoria,et
729 3241 818 3296 nullus
839 3240 964 3296 dubitavi.
985 3241 1134 3313 Analogam
1154 3251 1244 3296 autem

165 3317 681 3390 digitoqsinteudensadsequenda‚ut
729 3321 843 3375 arbitror
852 3319 1055 3390 huicparticulae
1064 3319 1150 3390 quoad
1161 3320 1245 3390 signi-

163 3417 237 3460 ccce,
252 3396 443 3468 significatione
456 3407 535 3450 antea
545 3395 680 3466 neglecta,
728 3396 884 3452 ficationum
897 3399 1056 3462 transitum,
1074 3399 1120 3468 qui
1131 3403 1204 3454 te'rte
1215 3399 1245 3452 iu

164 3475 211 3528 sed
224 3495 282 3546 quae
293 3477 350 3529 sinc
363 3475 444 3528 dubio
453 3473 539 3546 prima
549 3485 588 3529 est
600 3474 680 3544 hujus
728 3487 841 3547 utraque
854 3497 918 3531 voce
928 3476 1245 3548 beneseillustrat,grae-

164 3553 255 3622 vocis,
276 3553 348 3607 unde
365 3565 466 3609 caeterae
485 3555 597 3608 demum
615 3573 680 3624 pro·
728 3575 788 3610 mm
808 3556 965 3627 particulam
987 3559 1009 3619 ἱ.
1031 3555 1245 3626 significationes

164 3635 268 3703 lluunt,
282 3655 362 3705 quam
370 3633 512 3691 vindicarit
523 3635 562 3692 Ill.
570 3637 679 3690 Vossius
728 3633 866 3703 utriusque
878 3634 949 3688 rocio
967 3633 1003 3687 ita
1018 3653 1046 3686 se
1062 3632 1180 3702 excipere
1198 3632 1245 3684 ri-

164 3713 197 3766 ad
208 3709 306 3784 Georg.
315 3735 340 3784 p.
354 3713 416 3781 135,
429 3733 456 3768 u.
465 3713 529 3766 edit.
540 3713 612 3784 (vid.
622 3713 680 3768 loca
728 3712 842 3766 dentur:
855 3711 1017 3781 10profecto‚
1030 3730 1132 3764 revera.
1146 3710 1244 3764 ltasct'·
1315 3735 1321 3744 ¹

163 3793 200 3846 ihi
211 3791 335 3860 laudata)
347 3813 353 3856 ;
365 3791 464 3862 Georg.
473 3793 486 3847 l
496 3831 506 3859 ,
518 3795 563 3847 281
578 3813 609 3859 ,α
623 3792 679 3846 Ter
727 3795 792 3844 licet
803 3809 872 3860 sepe
887 3789 958 3860 apud
966 3787 1077 3843 Terent
1090 3787 1201 3843 Phorm.
1212 3789 1246 3856 l,

164 3893 178 3919 r>
191 3871 346 3926 suntconati
354 3870 574 3938 imponerePelio
582 3869 679 3925 Ossam
728 3885 769 3936 11,
784 3871 833 3935 823
852 3867 966 3938 Adelph.
983 3868 1034 3934 IV,
1049 3885 1092 3921 vu
1101 3906 1109 3932 ,
1121 3869 1170 3934 33,
1185 3878 1213 3922 et
1229 3872 1243 3929 ἦ

164 3971 179 3997 o
191 3951 310 4012 dirimet,
331 3959 410 4018 atque
431 3947 506 4004 Osse
521 3947 680 4002 frondosum
727 3966 834 4017 semper
845 3947 914 4017 apud
930 3947 1091 4001 Homerum.
1102 3946 1245 4001 interdum

164 4049 178 4075 υ
193 4027 327 4081 involvere
345 4025 495 4101 Olympum
509 4047 516 4092 3
532 4049 546 4074 »
561 4027 592 4096 l,
611 4029 677 4100 492,
727 4031 828 4082 scilicet
835 4026 912 4080 initio
920 4025 1047 4080 orationis
1054 4025 1176 4080 animum
1187 4035 1245 4079 tan·

164 4128 178 4154 «
191 4107 310 4170 Scilicet,
328 4116 467 4176 ettempus
475 4106 579 4173 reniet,
593 4123 680 4176 quum
727 4114 788 4160 tum
798 4103 915 4159 intendit
926 4104 960 4158 ad
972 4105 1131 4174 sequentia,
1145 4115 1175 4158 ut
1186 4103 1213 4158 la.
1226 4105 1245 4158 l.

164 4207 178 4233 a
193 4185 290 4240 sinibus
308 4185 358 4240 illis
378 4184 498 4256 Agricola
513 4195 562 4240 etc.
575 4207 588 4232 »
606 4184 678 4239 unde
728 4184 806 4239 etita
819 4203 874 4238 non
888 4202 950 4237 raro
962 4187 976 4245 i
990 4183 1061 4254 apud
1075 4183 1245 4248 Homerum

162 4283 256 4320 vocem
275 4261 391 4332 ovidio,
411 4263 470 4332 1V,
487 4264 551 4334 627,
567 4261 679 4318 reddere
729 4276 759 4318 πο
771 4261 834 4318 inde
844 4271 956 4334 utraque
967 4282 1016 4317 vox
1027 4268 1121 4318 ironice
1132 4279 1245 4331 murpa·
