3025 5009
489 461 794 531 massonum
819 463 917 528 ma.
948 461 1023 526 111.
1240 465 1300 554 187

276 605 413 689 Fertur,
431 599 625 676 adorantem
641 601 858 704 destituitque
875 603 1029 675 Numam.

226 718 287 796 ttle
303 717 522 806 redicimus,
539 729 768 820 memoratque
786 719 1068 816 Quiritibusacta
1084 749 1092 790 :

275 836 385 911 Tarda
398 837 491 911 venit
505 835 623 924 dictis,
643 834 854 938 difficilisque
869 836 961 910 fides.

228 958 275 1031 At
292 974 380 1030 certe
396 956 586 1042 credemur,
604 954 671 1043 ait,
688 957 718 1029 si
734 957 834 1031 verba
852 973 1009 1057 sequatur

276 1075 398 1149 Exitus
414 1107 421 1147 :
437 1103 500 1162 en,
519 1074 597 1149 audi
615 1073 774 1161 crastina,
792 1073 948 1175 quisquis
964 1074 1051 1148 ades.

231 1192 416 1267 Protulerit
430 1193 527 1267 terris
544 1221 648 1293 quum
664 1209 773 1266 totum
788 1191 954 1294 Cynthius
972 1193 1107 1280 orbem,

278 1307 415 1408 Jupiter
429 1305 561 1406 imperii
573 1306 716 1408 pignora
729 1323 817 1379 certa
834 1306 949 1379 dabit.-

229 1420 415 1494 Disoedunt
432 1419 547 1508 dubii,
565 1421 796 1521 promissaque
813 1421 907 1494 tarda
924 1420 1078 1495 videntur
1092 1450 1100 1508 ;
1256 1439 1303 1489 355

278 1535 523 1638 Dependetque
537 1535 622 1610 fides
638 1535 824 1610 eveniente
841 1537 904 1610 die.

229 1650 350 1724 Mollis
366 1669 436 1724 erat
452 1649 552 1724 tellus
568 1668 746 1753 rorataque
762 1679 857 1725 mane
874 1649 1015 1751 pruina:

279 1769 367 1840 Ante
385 1767 437 1840 sui
453 1766 601 1868 populus
616 1766 730 1840 iimina
746 1766 835 1862 regis
851 1766 954 1840 adest.

229 1881 369 1970 Prodit,
386 1883 473 1957 etin
490 1882 577 1957 solio
595 1883 725 1959 medius
741 1882 894 1957 consedit
910 1909 1029 1956 acerno
1046 1910 1055 1954 t

277 1997 451 2071 Innumeri
468 1995 554 2070 circa
571 2014 727 2099 stantque
743 1995 908 2096 silentque
925 1993 997 2068 viri.
1255 2013 1305 2066 ana

230 2111 337 2185 Ortus
353 2127 426 2185 erat
440 2139 570 2185 summo
590 2111 823 2187 tantummodo
841 2111 990 2206 margine
1008 2107 1180 2182 Phoebus:

279 2222 438 2300 Sollicita
454 2245 582 2301 mentes
599 2255 723 2329 speque
741 2245 899 2328 metuque
915 2242 1046 2326 pavent.

231 2341 414 2430 Constitit,
433 2360 533 2444 atque
547 2362 649 2446 caput
663 2345 761 2418 niveo
778 2343 904 2418 relatus
918 2343 1059 2429 amictu,

227 2514 397 2584 ootnmnpe
405 2514 518 2582 dicitur,
530 2515 742 2571 utmuitisdocct
790 2527 929 2583 ruraliaque,
938 2512 1008 2583 quod
1018 2509 1304 2582 plurimililSSexrne·

205 2627 208 2631 .
229 2594 507 2655 Heius-Destituit,
517 2595 633 2663 reliquit.
790 2595 898 2648 lioribus
910 2605 936 2646 et
947 2594 1033 2664 prima
1047 2591 1127 2644 editio
1142 2599 1304 2660 agnoscunt,

260 2674 319 2727 350.
332 2673 401 2738 vix,
414 2691 466 2726 nee
479 2673 528 2726 nisi
539 2683 651 2726 eventrrs
663 2681 742 2742 post-
791 2667 863 2741 quod
881 2672 1053 2724 Burmannus
1071 2667 1206 2738 probavit,
1224 2686 1304 2719 rece-

229 2769 309 2820 quam
320 2752 455 2822 promissis
466 2751 582 2806 constitit
595 2791 602 2816 ‚
621 2751 704 2804 fidem
716 2750 742 2804 ei
791 2750 881 2820 pitque
895 2750 974 2802 etiarn
987 2745 1132 2800 Mitscheri.
1145 2745 1227 2798 -De
1240 2747 1305 2797 solio

229 2829 328 2886 habens
341 2831 511 2900 Quirites.··-
521 2833 638 2884 Creditur
646 2831 682 2897 is,
699 2829 741 2883 cui
790 2825 943 2880 hocacemo
955 2823 1056 2876 vidend
1071 2824 1110 2876 tv
1119 2823 1229 2874 teletam.
1241 2822 1303 2888 4863

230 2908 296 2963 fides
306 2910 428 2964 habetur.
437 2909 514 2962 Bene
524 2909 606 2978 igitur
616 2909 742 2962 Heinsius
791 2903 906 2956 occurrit
922 2901 1001 2954 etiam
1022 2897 1129 2952 AEneid.
1143 2900 1233 2964 vlu,
1250 2899 1303 2967 178.

186 3052 188 3057 Ι
231 2989 414 3044 exsomnes
427 2987 741 3043 duobusaliisMssm·
791 2979 863 3032 Male
883 2978 964 3047 igitur
983 2976 1084 3046 primus
1104 2974 1303 3040 Farncsianus,

187 3080 190 3098 ¹
229 3071 316 3121 deaut
325 3068 473 3138 adoptavit,
490 3087 575 3137 quum
591 3068 634 3120 atii
651 3071 742 3120 cude-
791 3059 959 3112 Ambrosian.
971 3067 998 3109 et
1013 3067 1067 3110 tres
1085 3055 1143 3121 atii,
1160 3057 1261 3108 eburno.
1271 3081 1305 3093 —

229 3167 290 3207 nes,
302 3151 436 3202 credamus
446 3158 492 3201 aut
502 3150 609 3201 credent
618 3146 741 3200 habeant.
789 3141 933 3198 stantium,
948 3138 1052 3208 tignum
1062 3134 1163 3204 cupid&
1171 3143 1305 3203 exspecta·

229 3226 525 3294 —Crastinmqoaecm
535 3225 665 3279 eveniens
678 3226 741 3278 Non
790 3215 876 3269 tionis.
888 3215 954 3283 Ejus
966 3225 994 3268 et
1003 3215 1057 3266 vim
1073 3224 1101 3266 et
1117 3224 1236 3282 tempus,
1250 3230 1304 3280 quo

230 3321 296 3373 opus
301 3313 350 3369 est,
358 3315 388 3356 ut
396 3323 427 3358 ex
433 3303 537 3358 Heinsii
548 3304 742 3373 ingenimcras-
790 3297 905 3350 maxime
915 3295 1011 3358 crevit,
1021 3295 1090 3348 bene
1098 3305 1176 3364 poeta
1183 3291 1285 3346 notavit
1295 3329 1301 3352 ,

229 3386 288 3439 eine.
298 3382 477 3450 quisquiscras
483 3379 581 3445 aderis,
590 3379 742 3432 scribamus
793 3381 891 3430 onus..
900 3415 906 3428 .
916 3385 1017 3443 parent.
1029 3373 1127 3428 Similis
1138 3370 1304 3442 exspectatio·
1413 3377 1416 3384 '

259 3460 317 3529 357.
328 3459 486 3512 Bormanon
498 3459 554 3510 troc
565 3467 643 3510 teme
657 3455 742 3510 affec-
790 3453 831 3507 nis
841 3455 895 3508 rim
906 3453 995 3506 Livius
1007 3453 1036 3517 1,
1052 3455 1082 3505 25
1091 3489 1098 3517 ,
1108 3451 1143 3503 sic
1157 3448 1280 3518 expressit
1296 3465 1302 3499 :

229 3537 475 3592 tiocommemorari
481 3534 741 3605 ideovidetur,qnod
792 3555 805 3580 α
818 3534 916 3598 erecti,
933 3531 1050 3602 suspensi
1069 3541 1162 3593 erant;
1184 3529 1304 3599 torpebat

229 3616 291 3670 inde
298 3635 379 3670 omen
386 3628 519 3688 captatum
526 3617 570 3680 sit,
577 3615 680 3668 idcerto
686 3615 743 3667 sac·
792 3633 806 3660 a
818 3631 868 3666 vos
879 3612 1045 3682 spiritusque.
1060 3633 1074 3657 υ

229 3703 288 3746 tum
299 3713 355 3747 esse
365 3695 398 3746 ab
409 3695 543 3764 August03
556 3693 669 3746 Sueton.
678 3692 742 3746 Au·
824 3689 881 3744 363.
890 3691 995 3743 Nieerm
1007 3689 1083 3741 iilum
1096 3692 1215 3740 ananan
1227 3687 1303 3741 Nea-

230 3783 296 3841 gast
307 3773 474 3827 LXXXXH.
486 3773 542 3826 Nisi
553 3783 661 3843 poetam
677 3791 742 3825 cre-
791 3764 1195 3838 polis,TaubnerusetSchirach.
1203 3765 1303 3834 galeam

229 3851 274 3904 das
285 3862 391 3920 tempus
399 3861 503 3904 tantum
515 3849 678 3903 matutinum
687 3849 742 3901 de·
790 3848 980 3902 sacerdotalem
997 3846 1200 3910 intellexerunt3
1221 3853 1247 3898 st
1261 3843 1304 3917 itia

227 3927 341 3981 scribere
357 3928 476 3982 votuisse.
489 3927 560 3982 Orto
574 3937 667 3980 contra
685 3926 740 3980 soie
791 3931 900 3980 amittas
913 3926 964 3981 dici
977 3944 1032 3978 non
1048 3934 1142 3994 potest.
1163 3924 1305 3978 Precantes

230 4027 245 4052 α
256 4006 389 4076 pruinosa
406 4008 539 4061 siccantur
553 4006 660 4072 herbas,
672 4027 687 4053 a
699 4004 741 4059 tv
791 4013 818 4058 et
835 4021 907 4056 sacra
925 4002 1052 4056 facientes
1070 4003 1154 4072 capite
1178 4001 1303 4054 obvoluto

229 4083 342 4138 Metam
351 4086 516 4144 823etnocte
528 4105 542 4130 α
550 4103 639 4154 sparsa
648 4083 743 4138 celesti
792 4091 883 4148 erant,
894 4101 928 4135 ne
942 4081 1004 4150 quid
1018 4081 1079 4135 maii
1088 4081 1185 4135 onrinis
1195 4099 1241 4134 eos
1250 4090 1304 4133 tur-

230 4183 245 4209 »
259 4179 320 4214 rore
331 4161 422 4215 madet
432 4161 529 4215 humus
539 4161 673 4230 ”supi-al,
683 4161 741 4214 sn.
791 4158 866 4213 beret
881 4179 888 4212 ε
906 4158 934 4211 id
953 4159 1024 4228 quod
1041 4159 1136 4230 passim
1153 4159 1192 4212 his
1209 4157 1305 4212 nostris

230 4235 362 4291 Dedimus
380 4248 486 4306 autem,
502 4257 558 4292 non
572 4246 677 4304 rorata,
694 4237 742 4292 sed
791 4238 1045 4310 verbisexprimitur.
1054 4241 1130 4310 Vir-g.
1137 4239 1244 4293 AEneid.
1251 4237 1303 4304 111,
