3025 5009
415 504 720 577 FASTORUM
758 512 861 581 LIB'.
890 517 944 582 II.
1159 544 1223 613 ¹¹9

145 646 329 743 vagierunt
346 644 489 722 clamore
505 649 579 749 pari
594 680 601 722 :
619 651 742 725 sentire
758 670 906 754 putares.
1170 682 1221 750 405

192 764 237 837 Hi
257 764 397 838 redeunt
415 764 493 839 udis
511 766 547 839 in
566 796 628 842 sua
644 784 731 842 tecta
748 770 853 864 genis.

146 880 297 955 Sustinet
313 881 493 982 impositos
509 910 639 959 summa
655 911 756 958 cavus
770 883 882 960 alvens
896 884 1004 961 undu:

193 1000 291 1071 Heu!
311 1016 474 1098 quantum
490 998 552 1073 suti
567 1027 667 1100 parua
683 998 805 1074 ubelta
822 1001 934 1077 vehit!

144 1114 269 1189 Alveus
286 1114 322 1187 in
339 1112 440 1203 iimo,
460 1112 553 1190 silvis
568 1114 731 1217 appulsus
744 1117 879 1218 opacis,

195 1230 382 1319 Paulatim,
399 1232 501 1307 fluvio
521 1232 708 1322 deficiente,
728 1235 831 1309 sedet.
1174 1259 1228 1330 410

145 1349 260 1422 Arbor
276 1365 369 1423 erat:
386 1366 559 1423 remanent
573 1350 713 1445 vestigia
728 1379 736 1424 ε
753 1378 893 1452 qnaeque
909 1369 1046 1427 vocetur

195 1466 342 1540 Rumina
359 1494 450 1539 nune
465 1464 569 1555 fiens,
588 1466 733 1543 Romula
747 1468 833 1543 ficus
849 1486 930 1543 erat.

139 1640 213 1689 pora.
230 1621 322 1675 Putas.
330 1625 452 1689 prpuora,
475 1619 547 1691 quod
557 1640 662 1679 venus·
710 1623 880 1693 persequitur
890 1622 928 1692 Q.
942 1621 1039 1677 Fabius
1051 1622 1143 1679 Pictor
1159 1624 1230 1695 apud

144 1710 203 1753 tum
211 1698 311 1768 judicat
319 1699 413 1753 Heius
422 1700 554 1770 Respectu
562 1720 663 1771 paren-
712 1703 894 1777 Dionys-Iu
904 1706 966 1757 Irino
977 1706 1056 1759 sedet.
1068 1706 1124 1757 Lis.
1136 1705 1181 1773 11,
1195 1710 1227 1773 5,

145 1789 205 1831 tum
221 1776 298 1831 liberi
314 1796 378 1831 sane
395 1776 523 1831 dicuntur
536 1784 660 1847 pignora,
712 1783 769 1837 «in
779 1782 853 1836 vadis
866 1782 996 1837 frumenti
1012 1801 1119 1838 acervos
1132 1784 1230 1838 sedisse

144 1854 192 1910 sed
212 1854 269 1909 talis
290 1865 425 1925 respectus
442 1854 486 1909 hie
508 1856 596 1911 nullus
615 1868 662 1911 est.
713 1860 1156 1929 „tumtunm-Prosperae
1169 1855 1242 1916 octo'

147 1936 261 2002 Corpora
274 1946 368 1990 eontra
382 1934 419 1990 sie
430 1937 500 1991 bene
516 1936 613 1992 dicitnr
629 1935 663 1990 de
713 1939 789 1994 tiss
799 1944 925 2009 s'srpslsss
932 1979 940 2004 ,
953 1939 1025 2008 quod
1037 1940 1151 1994 Leusins
1162 1959 1233 2010 prse-

145 2012 565 2085 hominibusTscit.An.1V,72,
575 2036 588 2061 ι
598 2014 664 2069 Cor·
713 2016 775 2070 tulit
786 2056 793 2082 ,
806 2018 868 2086 qnia
879 2016 931 2071 lroo
941 2018 1024 2071 verbo
1034 2036 1132 2087 magna
1143 2020 1182 2071 vis
1191 2020 1234 2071 'rn-

147 2112 162 2138 2·
174 2110 241 2161 pora
251 2092 397 2161 conjugum
405 2103 451 2145 sut
459 2091 603 2145 liberorum
612 2112 665 2147 ser·
714 2094 837 2162 dicetur,
855 2114 907 2166 qua
928 2095 1025 2150 fluctos
1044 2096 1149 2149 niveum
1168 2096 1234 2149 iimo

148 2192 162 2217 s
174 2170 241 2223 sitio
254 2169 402 2225 tradebant„
414 2192 428 2218 u
441 2170 515 2241 Virq.
527 2170 591 2224 AEn.
608 2172 664 2240 tx,
713 2174 882 2245 impegerint.
896 2174 971 2228 Atut
980 2173 1095 2228 aiveoius
1106 2172 1234 2243 puniatim

148 2266 197 2318 ²7²
205 2286 213 2315 ,
222 2270 237 2294 ι
250 2248 515 2303 lectissimumstrum
523 2267 665 2319 corpore.»
713 2253 740 2305 in
754 2252 820 2305 iimo
831 2252 937 2322 sedent,
950 2272 1007 2308 nou
1019 2272 1087 2324 opus
1097 2264 1139 2308 est
1146 2253 1232 2307 sehe-

147 2327 192 2381 De
205 2326 246 2381 bis
261 2327 323 2397 ipsis
337 2327 425 2397 pneris
443 2347 504 2382 mox
517 2348 585 2383 vers.
597 2329 662 2396 418,
713 2330 847 2385 mentiore
858 2330 975 2402 impulsu
987 2350 1118 2402 aquosum
1127 2352 1134 2393 ς
1143 2350 1234 2401 neque

146 2424 254 2473 corpora
265 2408 578 2475 brien-Vapiersntete.
589 2404 667 2459 Con·
714 2408 863 2465 inionibus
881 2411 980 2479 stagnis
998 2410 1095 2481 egressi
1114 2409 1235 2465 fluminis

147 2484 190 2539 ier
200 2487 241 2541 xl
251 2486 364 2540 Heroid.
375 2488 415 2541 85.
715 2487 728 2559 (
743 2488 799 2541 Lis.
811 2490 842 2555 1,
853 2490 886 2556 4)
897 2528 904 2556 ,
915 2488 1020 2543 {ludus
1037 2508 1093 2543 esse
1109 2499 1235 2558 poterant

182 2566 241 2634 407.
249 2568 360 2628 Aloeus,
373 2564 502 2635 quidquid
513 2566 541 2619 in
550 2564 667 2619 formam
715 2568 1103 2623 commotilmnrofluitsntem
1109 2568 1235 2638 aliquam·

149 2644 372 2699 semicirculatum
386 2655 540 2699 excavatum
551 2655 599 2698 est.
611 2645 668 2699 lta·
716 2648 764 2701 din
775 2648 880 2702 niveum
894 2647 1004 2702 tendent
1016 2646 1105 2701 tenuis
1121 2665 1189 2717 aquo
1205 2648 1234 2701 in

82 2738 85 2747 ·
150 2742 202 2792 qne
209 2723 385 2777 caonssbesse
394 2722 503 2792 quidem
510 2723 667 2793 possensed
715 2728 784 2785 sieeo
796 2727 923 2783 destituit.
933 2728 980 2782 ste
992 2727 1095 2793 Livius,
1107 2725 1234 2796 idemque

150 2812 229 2871 poeta
240 2820 273 2856 eo
287 2820 393 2856 cauum
408 2800 505 2855 diserte
519 2802 667 2871 exprimere
716 2806 802 2860 voluit
808 2818 836 2861 et
844 2806 1031 2862 Ovidius-lu
1045 2805 1130 2860 tribus
1138 2804 1236 2859 nostris

149 2878 250 2945 soluit,
264 2899 313 2934 cur
329 2898 397 2950 sque
411 2880 566 2935 sustinuerit
580 2880 669 2950 impo-
718 2885 810 2955 Regiis
821 2885 918 2955 iegitur
928 2888 1059 2952 appulsus.
1071 2883 1155 2936 Bene.
1167 2884 1219 2936 Ed.

150 2958 220 3013 sitne
232 2958 354 3013 Strotbio
367 2956 399 3012 ad
411 2958 466 3013 Lis.
479 2960 509 3027 1,
523 2962 556 3026 4,
572 2979 668 3031 parurn
751 2967 808 3030 411.
821 2963 898 3019 Liui
908 3002 916 3028 ,
925 2966 956 3031 4,
972 2985 986 3009 ι
997 2962 1026 3014 in
1036 2961 1156 3031 proxime
1168 2960 1237 3015 eiiu-

151 3038 302 3093 verosisniie
313 3039 436 3105 videtur,
452 3056 549 3109 pueros
558 3044 586 3093 s‘n
594 3044 670 3094 alveo
719 3064 734 3091 s
745 3043 786 3095 vie
798 3080 806 3107 ‚
819 3042 865 3095 nbi
874 3059 950 3094 nunc
959 3040 1025 3095 iious
1034 3039 1185 3094 Ruminalis
1195 3050 1237 3095 est

151 3137 207 3172 esse
219 3118 356 3187 impositos
366 3138 455 3190 aquus,
469 3138 553 3189 quum
564 3118 631 3173 nudi
641 3119 669 3173 in
720 3141 734 3167 s
747 3120 942 3187 (Romuisresn
956 3116 1236 3187 suentensem).

152 3216 214 3251 eam
229 3198 306 3267 abjirr'
320 3199 474 3268 potuissent.
488 3200 547 3269 Ego
562 3218 626 3253 sero
640 3199 670 3253 in
720 3199 854 3253 Plutarch.
867 3198 923 3252 vis.
936 3199 1016 3253 Rom.
1028 3201 1061 3265 4,
1076 3198 1166 3268 plures
1179 3217 1237 3251 no·-

152 3276 205 3331 hoc
212 3296 269 3331 non
277 3277 408 3333 hesserim.
421 3278 526 3347 Quidni
535 3298 632 3349 pueros
641 3280 670 3333 in
718 3277 800 3331 minis
812 3296 901 3331 tonsas
909 3275 1132 3340 adiertmuinse
1142 3276 1239 3347 probat

153 3356 230 3409 niveo
242 3350 503 3427 portsrint-iquidni
515 3376 561 3410 eos
575 3357 627 3423 sic,
641 3368 672 3411 ut
720 3361 763 3412 dui
777 3362 816 3412 sis
830 3366 876 3412 esis
888 3366 978 3432 ρμφῦν
993 3359 1125 3425 θηλασμόν
1144 3362 1180 3413 ὅτι
1194 3364 1237 3420 τήν

155 3445 317 3505 portarunt,
336 3454 411 3504 ttqttae
426 3434 627 3506 imposuerint?
638 3462 672 3477 ····
720 3462 745 3492 rs
760 3445 837 3501 θηλὴν
853 3440 941 3515 ροὐμαν
957 3440 1076 3506 ὄνέμαζη
1095 3442 1118 3493 si
1131 3445 1235 3493 ruisset.

154 3514 362 3583 Quantmfhtr',
380 3516 473 3584 quanti
486 3515 562 3584 regni
574 3514 673 3569 condi·
720 3513 804 3569 cont
813 3514 887 3568 idem
895 3514 1237 3587 Qumtdiomtoanll,

155 3606 244 3649 torem
256 3612 288 3647 ex
298 3592 354 3645 t'eto
370 3593 500 3648 tusorum.
517 3594 573 3648 biv.
590 3594 620 3660 i,
640 3598 672 3661 4,
721 3612 781 3663 pnq.
797 3595 852 3645 ηδ.
863 3592 957 3647 Festus
969 3612 976 3647 :
988 3614 1003 3639 α
1016 3593 1138 3647 Mamm
1148 3602 1239 3646 entem

156 3670 675 3742 «Debebuturt'atistsntssoriqonrbism
722 3690 739 3719 s
750 3670 835 3725 rumis
842 3670 953 3736 dicitur,
962 3670 1017 3725 sive
1025 3687 1109 3724 ruma.
1119 3690 1133 3717 s
1145 3670 1240 3739 itaque

155 3750 191 3805 ln
203 3748 290 3803 verbis
299 3756 420 3817 quntum
425 3747 486 3816 sats*
497 3760 524 3803 et
532 3768 614 3816 puna
625 3760 674 3803 ta-
722 3758 815 3817 putem
824 3786 832 3815 ,
842 3751 980 3801 numum
990 3747 1069 3802 brine
1079 3764 1181 3800 nomen
1189 3764 1242 3799 sn·

156 3831 226 3882 tetta
236 3826 361 3897 pendan
371 3838 413 3882 est
423 3828 568 3899 oppositio,
583 3846 675 3898 quem
722 3826 844 3895 tiqunm,
863 3826 924 3895 quis
940 3844 1014 3880 mura
1029 3843 1085 3878 non
1101 3824 1152 3878 nisi
1169 3824 1241 3879 ιιιιί-

158 3906 306 3960 admodum
324 3908 396 3959 estu
413 3906 482 3961 bene
498 3907 624 3961 conuenit
640 3916 675 3980 τῷ
723 3904 783 3973 quis
794 3902 1081 3975 uskatume-Deficu
1091 3900 1241 3956 vittam

157 3982 354 4040 adsuetbiaie
361 3984 442 4054 igitur
448 3984 675 4054 Heinsius,qunm
721 3982 758 4035 de
769 3982 846 4052 ling.
858 3980 915 4036 Lat
929 3980 980 4049 tv,
993 4000 1018 4052 p·
1035 3981 1073 4035 sb.
1088 3982 1123 4036 ln
1137 3999 1243 4036 merno-

160 4060 676 4135 quidsrncureataedellsprefersnt,cur·
724 4060 794 4114 riam
811 4061 869 4130 ejus
885 4060 935 4114 alis
949 4071 1006 4116 essa
1023 4072 1064 4116 est
1080 4071 1108 4116 et
1123 4061 1194 4115 suits
1210 4060 1240 4113 in

160 4142 611 4207 rammintumesniteroblasnr.
621 4160 677 4197 uno
728 4138 847 4194 Comitio
862 4142 1009 4210 nomano,
1029 4160 1089 4212 que
1106 4141 1176 4195 srnit
1193 4140 1243 4193 snb

161 4218 262 4275 Medic.
279 4220 395 4275 Heimst.
404 4219 570 4287 tobellafns't.
581 4218 677 4275 este-
727 4220 845 4274 Nerone.
866 4221 988 4291 Plinius,
1008 4222 1078 4288 XV,
1093 4238 1126 4274 no
1136 4259 1144 4289 ,
1154 4219 1245 4289 ibique

161 4314 224 4351 rum
245 4296 315 4353 bane
335 4316 397 4353 rem
417 4317 528 4354 omnent
548 4298 679 4370 copiosius
728 4298 868 4357 Hesduin.
882 4300 1127 4369 Tseiettn.x111,
1139 4300 1181 4354 58.
