3025 5009
315 448 381 516 368
597 453 637 516 P.
668 451 847 521 OVIDII
869 455 1097 524 NASONIS

315 588 453 690 Spectat
469 606 503 663 et
519 590 676 686 Augusto
691 611 888 692 praetextum
906 595 1042 670 nomine
1060 594 1241 697 templum,

364 705 410 775 Et
426 702 552 790 risum,
570 703 656 779 lecto
675 707 824 795 Caesare,
844 711 953 808 majus
968 739 1064 811 opus.

314 820 461 893 Voverat
476 819 542 893 hoc
556 821 687 922 juvenis
701 840 802 912 tunc,
823 855 927 926 quum
942 826 998 928 pia
1014 825 1152 901 sustulit
1169 855 1281 903 arma:

364 939 396 1009 A
414 938 515 1011 tantis
533 940 689 1042 princeps
704 940 916 1041 incipiendus
935 960 1014 1016 erat.
1341 963 1389 1035 57⁰

315 1050 375 1124 tlte
395 1079 513 1124 manus
532 1054 687 1143 tendens,
706 1054 787 1127 binc.
804 1056 905 1128 stanti
921 1054 1024 1129 milite
1038 1058 1147 1156 justo,

365 1170 454 1242 Hinc
471 1171 672 1268 conjuratis,
692 1171 769 1245 talia
787 1171 873 1246 dicta
891 1171 1002 1246 dedit:

315 1285 352 1358 Si
369 1287 452 1358 mihi
470 1285 618 1360 bellandi
633 1304 728 1388 pater
745 1305 816 1374 est,
836 1289 1011 1387 Vestaeque
1029 1288 1184 1362 sacerdos

365 1405 511 1489 Auctor,
531 1421 566 1477 et
583 1402 699 1478 ulcisci
716 1430 841 1476 numen
859 1423 1040 1505 utrumque
1056 1433 1161 1506 paros

318 1518 429 1608 Mars,
451 1520 549 1604 ades,
568 1537 602 1592 et
618 1517 701 1593 satia
718 1516 878 1592 scelerato
897 1521 1057 1616 sanguine
1073 1522 1218 1610 serrum3
1341 1545 1389 1615 575

366 1635 505 1735 Stetque
522 1634 617 1708 lavor
634 1663 732 1708 causa
749 1662 813 1734 pro
832 1632 967 1708 meliore
985 1653 1074 1708 tuus.

315 1748 455 1852 Templa
473 1749 577 1836 seres;
598 1766 652 1836 et,
671 1777 724 1822 me
740 1749 887 1838 victore,
905 1749 1077 1824 vocaberis
1094 1747 1204 1824 Ultor.

364 1871 531 1954 Voverat3
548 1886 582 1940 et
596 1867 673 1941 suso
691 1866 787 1942 latus
804 1868 846 1940 ab
866 1867 963 1942 hoste
981 1868 1086 1941 redit:

313 1986 383 2058 Nec
402 1983 481 2058 satis
500 2000 550 2056 est
568 1981 726 2056 meruisse
745 1980 845 2056 semel
863 1982 1060 2080 cognomina
1077 1983 1204 2058 Marti:

349 2197 405 2267 567.
419 2196 564 2264 Templum
574 2195 602 2247 in
616 2194 704 2248 fronte
718 2197 834 2262 Augusti
877 2193 927 2264 legi
939 2194 1043 2248 volebat
1053 2198 1175 2258 instantr',·
1188 2193 1215 2248 id
1227 2195 1334 2249 Marsus
1346 2217 1389 2249 ex-

313 2293 403 2327 nomeu
417 2293 447 2326 ex
460 2293 534 2326 more
546 2272 700 2343 inscriptum
714 2282 831 2326 ostenta·
877 2275 966 2344 plicat,
975 2293 1058 2344 quum
1067 2275 1174 2328 instaret
1183 2293 1273 2328 secum
1283 2275 1388 2341 militia,

315 2352 367 2405 bat
382 2350 452 2420 Quae
463 2352 492 2404 in
504 2351 593 2403 fronte
605 2351 645 2404 rei
658 2349 743 2404 autin
756 2369 831 2403 mar-
877 2371 936 2420 quae
948 2353 1015 2422 justa
1028 2371 1100 2405 arma
1114 2352 1390 2422 gerebat-DeJulio

316 2432 377 2500 gine
385 2440 457 2494 sunt,
463 2437 620 2497 eapraelem
626 2440 769 2492 vocantem
781 2429 831 2483 Pli·
880 2429 999 2497 Caesare,
1013 2435 1094 2485 Vesta
1102 2435 1238 2493 sacerdote,
1252 2431 1391 2486 interfecto

316 2508 393 2574 nius,
412 2527 506 2577 paneg.
522 2524 577 2574 tu,
592 2530 606 2560 a
620 2511 753 2575 :possitus
763 2527 832 2575 prae-
878 2509 936 2564 vide
948 2511 1004 2576 lii,
1021 2511 1078 2582 699.
1090 2539 1123 2551 -
1136 2511 1231 2562 Nemea
1245 2521 1388 2579 utrumque,

316 2591 381 2648 texi,
396 2596 562 2640 statuassuas
574 2598 636 2640 ante
651 2588 723 2641 fores
737 2586 831 2654 templi
877 2589 991 2657 patriset
1001 2587 1131 2658 pontificis
1140 2587 1254 2640 maximi.
1263 2587 1393 2642 Similiter

315 2683 424 2735 ponere.
437 2665 556 2732 Seneca,
572 2665 655 2734 Epist.
670 2667 703 2739 69
715 2686 722 2718 :
735 2687 748 2712 a
764 2666 829 2717 Flu·
877 2667 932 2718 sere
945 2685 1023 2736 supra
1035 2684 1101 2719 vers.
1112 2686 1143 2738 97
1154 2667 1206 2718 :Et
1215 2672 1329 2720 martie!
1340 2671 1396 2719 suti

318 2767 331 2790 n
340 2744 444 2796 minum
451 2743 521 2811 ripas
529 2741 639 2796 aedificia
651 2751 806 2812 praetexunt.
816 2761 829 2788 υ
873 2738 955 2811 paret.
965 2743 1043 2797 Prior
1053 2744 1132 2812 igitur
1139 2743 1216 2796 lectio
1227 2755 1266 2798 est
1274 2744 1390 2815 dignior,

317 2825 434 2876 -Lecto
445 2824 557 2884 Caesare,
571 2822 639 2877 lecto
652 2821 762 2875 Caesaris
773 2839 830 2873 no-
877 2824 1006 2893 posterior
1020 2822 1142 2891 argutior.

316 2903 406 2967 mine,
424 2902 509 2954 visum
521 2901 628 2968 majus,
647 2902 708 2969 quia
727 2911 802 2954 tanto
815 2919 830 2953 a
913 2907 967 2972 579.
985 2900 1066 2954 Anno
1078 2921 1103 2952 u.
1115 2921 1137 2953 r.
1151 2901 1215 2974 699,
1232 2902 1271 2954 Μ.
1283 2901 1392 2960 Crasstu

236 2975 239 2979 ’
316 2978 681 3032 virodedicatum.Succurrit
689 2977 753 3032 illud
760 2978 831 3031 Gna·
879 2997 893 3031 a
907 2978 1011 3032 Parthis
1028 2989 1084 3032 erat
1102 2981 1216 3046 occisus,
1232 2979 1327 3034 Orode
1343 3001 1391 3036 re-

316 3059 404 3112 tlronis
416 3058 485 3127 apud
494 3058 672 3124 Terentium,
686 3059 755 3111 Eun.
770 3057 830 3123 ΙΙΙ,
879 3068 976 3126 guante
991 3097 998 3124 ,
1021 3058 1201 3127 exercitusque
1219 3059 1277 3128 ejus
1294 3062 1392 3128 partim

321 3155 372 3188 ιτα
380 3136 452 3189 Lata
464 3146 569 3188 estnon
585 3147 638 3188 tam
652 3137 708 3205 ipso
720 3133 830 3205 quidem
879 3137 997 3206 deletus,
1009 3138 1105 3207 partim
1117 3149 1214 3208 captus.
1228 3139 1323 3192 Postea
1337 3141 1392 3193 An·

319 3235 333 3259 o
346 3213 432 3280 dono,
444 3232 525 3282 quam
534 3214 579 3266 abs
588 3224 614 3266 te
622 3212 831 3268 datnm'essesid
879 3221 967 3273 tonius
986 3218 1088 3274 cladem
1112 3220 1143 3272 ab
1162 3218 1255 3274 iisdem
1275 3219 1391 3272 hostibus

320 3315 334 3339 n
346 3311 411 3345 vero
420 3292 489 3344 serio
497 3291 643 3361 triumphat
652 3293 658 3344 l
667 3292 757 3344 »-De
766 3301 831 3345 tem·
879 3299 984 3367 accepit,
1002 3297 1055 3350 Sed
1071 3317 1140 3350 anno
1154 3315 1180 3348 u.
1192 3317 1213 3351 c,
1227 3297 1294 3367 734,
1308 3317 1391 3366 quum

318 3391 383 3443 pore
396 3370 488 3441 templi
506 3372 560 3424 voti
577 3371 711 3424 consentit
727 3371 832 3424 Sueto·
881 3378 1013 3446 Augustus
1022 3377 1048 3427 in
1060 3375 1119 3429 Asia
1127 3385 1285 3440 versaretur,
1296 3376 1391 3429 Phraa-

321 3450 396 3517 nius‚
406 3468 452 3522 ²9²
462 3471 476 3494 α
485 3447 585 3500 AEdem
596 3448 680 3501 Marti
687 3448 755 3501 bello
765 3448 832 3501 Phi·
878 3462 935 3516 tes,
951 3471 996 3505 rex
1012 3451 1171 3506 Parthorum
1184 3491 1191 3516 ,
1207 3463 1233 3505 et
1250 3463 1390 3518 metuens,

317 3551 331 3576 υ
345 3527 456 3599 lippensi
473 3543 522 3596 pro
539 3525 638 3578 ultione
649 3536 760 3594 paterna
773 3545 831 3580 sus-
878 3550 913 3584 ne
923 3530 992 3584 bello
1000 3531 1032 3584 ab
1039 3549 1071 3583 eo
1079 3541 1228 3599 peteretur,
1241 3541 1268 3584 et
1279 3531 1333 3586 suis
1340 3529 1391 3584 dis-

320 3633 334 3656 »
345 3617 424 3678 oepto
433 3615 549 3658 voverat.
562 3626 575 3650 ν
587 3629 622 3643 -··
631 3605 753 3671 Praeceps
764 3611 831 3658 inci·
879 3607 1188 3678 sedens,signaRomanis
1197 3607 1259 3661 olim
1268 3607 1390 3680 adempta

315 3689 425 3756 pondus
435 3693 507 3745 erat,
529 3681 681 3753 principalis
690 3681 831 3752 dignitasa
879 3687 902 3740 ei
921 3698 1015 3756 sponte
1033 3686 1141 3738 remisit.
1160 3685 1202 3738 De
1222 3705 1253 3738 ea
1271 3702 1300 3739 re
1315 3696 1389 3739 tam-

317 3767 395 3820 tautis
408 3763 487 3817 rebus
499 3759 627 3832 proficisci
639 3759 760 3813 debebat.
879 3783 958 3833 qnam
977 3763 1010 3817 de
1028 3765 1135 3818 victoria
1154 3763 1270 3832 insigni,
1290 3764 1389 3817 mirum

351 3852 407 3916 571.
419 3847 479 3915 lpse
492 3861 590 3896 vovens
601 3839 743 3894 inducitur.
762 3843 832 3893 Hauc
878 3841 906 3893 in
920 3840 1029 3894 modum
1041 3841 1141 3894 lutatus
1152 3851 1191 3894 est
1202 3841 1347 3909 Augustus,
1361 3842 1388 3892 in

319 3927 401 3977 stanti
409 3933 458 3977 etc.
468 3923 535 3976 Hoec
545 3921 623 3975 lectio
634 3919 710 3972 valde
721 3939 750 3972 se
762 3937 831 3972 com·
879 3919 966 3988 gaudii
981 3920 1133 3973 societatem
1147 3919 1314 3972 venientibus
1329 3919 1390 3972 tto-

318 4000 428 4054 mendat
445 4011 473 4054 et
494 3999 647 4053 auctoritate
666 3998 831 4066 optimorum
879 3999 978 4064 manis,
991 3999 1036 4067 qui
1047 4017 1107 4050 earu
1120 4007 1146 4050 et
1158 3999 1276 4050 nummis
1288 4009 1315 4051 et
1326 4017 1388 4051 car-

317 4079 376 4134 cod.
388 4091 416 4134 et
424 4099 515 4133 sensus
526 4080 652 4132 bonitate.
664 4078 736 4130 Ante
747 4077 831 4130 Hein·
879 4077 994 4130 minibus
1002 4077 1181 4139 eelebrarunt;
1190 4077 1289 4130 Justin.
1297 4077 1387 4140 XLll,

318 4163 386 4215 sium
396 4158 524 4212 edebatur
537 4157 831 4223 Adstarrtimile'tejusto
881 4161 912 4210 5:
927 4177 940 4201 «ι
954 4157 1016 4225 Plus
1031 4155 1121 4209 Caesar
1132 4156 1317 4226 magnitudine
1334 4175 1388 4209 no··

317 4239 350 4290 Io
363 4235 516 4304 coulieratos.
533 4235 655 4305 Neapolis
668 4255 701 4292 es
717 4233 830 4304 antiquis
882 4255 895 4280 »ι
909 4235 988 4289 minis
1001 4233 1041 4290 sui
1054 4233 1131 4304 fecit,
1145 4253 1225 4304 quam
1238 4235 1388 4288 armisalius
