3025 5009
292 475 358 541 282
566 475 605 541 r.
632 474 816 545 ovrnrr
842 462 1068 547 ursonis

338 614 436 688 Atria
451 614 605 690 Libertas
621 615 723 717 coepit
737 616 861 693 habere
875 642 944 693 sua.

289 733 391 804 Lucu
408 748 563 807 secutura
579 750 672 807 tutos
688 753 786 835 pete,
803 736 933 824 navita,
950 752 1092 838 portus:

339 847 470 920 Ventus
486 847 528 921 ab
547 876 666 924 occasu
680 850 843 945 grandine
858 852 982 926 mixtus
998 852 1073 927 erit.

290 960 343 1035 Sit
358 962 436 1037 licet
451 980 485 1037 et
500 962 621 1052 fuerit,
640 962 751 1040 lamen
767 967 829 1041 hac
846 967 1053 1041 Mutinensia
1072 967 1181 1041 Cesar

1314 758 1365 813 ors

289 1170 360 1238 vius,
370 1171 475 1237 XXIV,
487 1171 806 1241 remuneraturum
854 1172 1301 1244 prelibusnehoequidemrerbum
1307 1176 1368 1231 setis

287 1248 357 1301 eirea
369 1267 471 1301 annum
480 1252 529 1302 515
537 1290 544 1316 ,
553 1270 606 1320 quo
614 1250 656 1304 ille
665 1252 806 1305 consulatu
842 1316 845 1323 ⁴
855 1271 932 1321 grave
941 1251 1080 1316 visumest,
1090 1252 1368 1323 itaquepraetulerunt,

285 1324 393 1379 functus
407 1338 454 1379 est.
467 1328 569 1381 Atrium
581 1332 719 1381 libertatis
733 1348 806 1384 anno
855 1342 991 1400 tamquam
1013 1330 1106 1385 lortius
1120 1371 1127 1398 ,
1147 1336 1274 1399 perculit,
1297 1332 1369 1402 quoel

289 1420 316 1455 u.
328 1423 350 1454 e.
364 1405 428 1475 559,
445 1424 460 1457 a
473 1405 546 1459 Peto
560 1416 587 1459 et
603 1403 731 1459 Cornelio
745 1406 806 1459 Ce-
856 1412 931 1465 Voss.
949 1410 1156 1475 Ambrosianus,
1175 1410 1370 1478 Masarinseus,

289 1482 370 1552 thego
382 1485 534 1539 censoribus
547 1484 676 1540 resectum
689 1498 745 1549 est;
761 1486 807 1540 Li·
853 1488 1072 1559 Zulich.Ursinus
1079 1490 1168 1541 Petav.
1176 1488 1252 1542 etalii
1261 1488 1370 1544 habent.

289 1561 364 1628 rius,
376 1562 508 1631 XXXIV,
522 1567 563 1632 44.
580 1566 613 1619 ln
624 1584 658 1618 eo
669 1577 747 1619 erant
760 1576 804 1618 la·
854 1567 957 1621 Laudat
972 1567 1023 1621 hoe
1039 1568 1080 1620 vir
1097 1566 1190 1622 doctus
1207 1566 1235 1619 in
1255 1566 1369 1636 Ephem.

287 1638 364 1692 helle
379 1642 507 1710 publicae,
524 1654 597 1697 certe
615 1644 674 1698 Tib.
693 1643 807 1699 Gracchi
856 1647 925 1717 Lips.
940 1664 1012 1699 anno
1031 1648 1114 1713 1807,
1132 1665 1159 1699 n.
1174 1666 1215 1717 97.
1233 1646 1372 1716 Improbat

289 1728 410 1786 tempore
419 1741 425 1780 ;
434 1720 537 1786 Livius,
547 1721 655 1788 XLlll,
668 1723 705 1775 rss.
716 1722 806 1775 Etiam

290 1796 398 1850 Asinius
411 1797 495 1851 Pollio
507 1806 601 1854 alnum
609 1802 749 1854 Lr'berlatis
760 1820 808 1853 ex·

288 1882 435 1929 stmxissea
443 1878 573 1933 Suetonio
586 1880 697 1950 August.
706 1901 738 1953 ²9
746 1900 807 1934 nor·

289 1964 380 2018 ratur,
396 1955 468 2023 quod
481 1956 552 2009 haud
565 1956 644 2011 dubie
655 1958 687 2010 acl
700 1959 806 2011 instau-

288 2030 421 2085 rationem
433 2034 491 2103 ejus
502 2044 530 2087 et
541 2036 744 2091 exornationem
758 2056 805 2091 re-

287 2105 439 2162 ferendum.

322 2186 449 2242 uas-528.
461 2190 513 2243 Dr'e
524 2192 554 2256 ¹4
567 2190 682 2258 Aprilis,
698 2196 805 2260 grando.

288 2264 386 2317 Eodem
402 2269 444 2319 dr'e
456 2270 588 2321 Antouries
598 2274 682 2323 vr'ctus
694 2274 734 2323 ad
742 2272 806 2324 Mu-

287 2346 376 2397 tinam.
396 2344 486 2399 Etiam
507 2344 675 2415 Columella,
691 2349 753 2416 Xl,
769 2370 804 2405 a:

289 2420 389 2475 XVlll
405 2425 513 2478 Raram
529 2427 602 2480 Mau·
613 2434 720 2480 melosa
734 2438 805 2481 tem-

284 2509 375 2568 postas
385 2512 414 2555 et
421 2508 528 2567 rirrbrcs,
542 2524 588 2558 rec
596 2508 646 2559 boc
651 2518 804 2561 constanter.

288 2578 482 2635 —Consilium
495 2582 561 2636 illud
574 2592 644 2638 tutos
650 2593 710 2651 pete
715 2595 806 2651 portus

288 2658 432 2727 jucundius
444 2662 538 2734 Virgil.
549 2662 647 2735 Georg.
657 2664 667 2717 l
678 2703 685 2731 ,
699 2666 748 2731 456
756 2684 804 2717 ex-

288 2738 382 2807 pressit
394 2759 401 2793 :
413 2761 465 2794 noa
476 2744 525 2794 illa
538 2748 670 2811 quisquam
682 2762 721 2796 me
732 2751 806 2797 nocte

284 2836 331 2881 per
340 2824 421 2871 allum
433 2822 488 2882 Ire,
505 2840 584 2890 neque
595 2840 615 2874 a
624 2830 693 2875 terra
705 2830 807 2875 moneat

288 2900 533 2968 corneliensem.

315 2978 475 3031 Mutinensia
480 2998 562 3032 arma.
569 2978 714 3046 Antonius,
720 2998 806 3049 quum

290 3050 434 3111 Decimum
447 3060 564 3113 Brutum
575 3060 683 3115 Muzuc
694 3059 804 3113 obside-

290 3145 349 3201 ret,
366 3156 381 3189 a
398 3149 510 3206 senatu,
532 3138 664 3193 Cicerone
682 3138 805 3208 inprimis

290 3226 412 3285 auctore,
421 3216 503 3271 hostis
509 3218 599 3288 patriae
608 3216 737 3285 iudicatus
749 3228 804 3284 est,

289 3294 414 3365 missique
424 3308 487 3353 sunt
495 3309 588 3353 contra
598 3318 661 3352 eum
672 3318 734 3351 ann.
745 3318 771 3351 u.
781 3319 806 3353 o.

290 3392 355 3440 710,
372 3374 477 3430 Hirtius
493 3388 520 3431 et
537 3378 623 3432 Pansa
640 3397 704 3431 coss.
723 3389 804 3446 atque

288 3450 452 3508 Octavianus
461 3458 548 3510 Cesar
552 3466 707 3527 propretor.
716 3457 805 3511 Priori

287 3532 379 3600 proelio
391 3534 478 3587 Pansa
486 3534 640 3589 vulneratus
650 3545 703 3602 est,
715 3544 806 3605 poste-

286 3613 352 3667 riori
361 3614 466 3669 Hirtius
474 3613 571 3668 eodem
582 3614 625 3668 die
635 3614 741 3667 sortiter
753 3632 805 3684 pu-

286 3708 371 3757 gnans
381 3690 476 3745 cecidit
488 3709 494 3743 ε
507 3710 562 3761 quo
570 3690 639 3747 lacto
649 3710 733 3760 quum
746 3690 805 3744 Oe-

286 3768 407 3823 tarianus
414 3770 523 3823 victoria
529 3770 568 3822 nti
576 3769 617 3823 rel
625 3770 752 3834 nesciret,
762 3768 805 3823 vel

288 3848 388 3918 nollet,
405 3851 540 3905 Antonius
559 3850 593 3904 ad
613 3850 725 3919 Ligures
743 3850 803 3903 ela-

287 3947 350 3997 psus
358 3940 409 3993 est3
419 3931 557 4001 Appianns
564 3930 597 3985 de
605 3930 673 3985 Bell.
681 3928 742 3984 Cir.
749 3931 804 3997 lll,

288 4004 322 4059 50
328 4026 376 4075 sqq
385 4028 391 4069 ς
399 4007 454 4061 Ilio
463 4006 584 4074 Cassius,
593 4008 699 4075 xLVl,
707 4010 803 4081 39sqq.

287 4082 375 4138 Nimis
385 4085 466 4155 igitur
473 4099 552 4157 poeta
560 4086 805 4153 Cuaremlauelat,

287 4182 371 4233 quum
386 4182 449 4217 eum
468 4170 616 4220 contudisse
629 4184 702 4219 arma
715 4167 804 4219 Meta·-

286 4246 378 4294 eersia
390 4240 434 4296 ait,
449 4242 593 4298 Nonnullis
606 4254 698 4301 tamen
711 4244 804 4297 inter-

855 1726 896 1779 vir
909 1724 1001 1779 doetus
1013 1724 1042 1778 in
1061 1724 1172 1796 Ephem.
1188 1724 1311 1779 Heidelb.
1320 1724 1370 1779 rol.

856 1802 1167 1877 x1,p.397.1³erceum‚
1181 1802 1251 1872 quod
1264 1804 1370 1873 proprie

854 1884 1022 1951 subvertere,
1032 1893 1152 1937 evertere
1162 1885 1172 1951 (
1181 1882 1241 1937 ride
1249 1881 1370 1937 Gronov.

856 1960 888 2015 ad
899 1962 1001 2015 Livium
1011 2000 1018 2027 ,
1030 1961 1087 2028 lll,
1102 1962 1152 2027 30)
1160 1980 1223 2015 sane
1232 1961 1326 2031 passim
1336 1960 1369 2015 de

856 2039 963 2093 devietis
979 2050 1007 2094 et
1022 2059 1038 2093 a
1054 2049 1152 2093 oonatu
1162 2038 1302 2093 resistendi
1317 2038 1371 2092 de·-

854 2118 929 2186 jectis
937 2118 1049 2188 legitur3
1064 2116 1149 2171 Cicer.
1163 2116 1269 2171 catilin
1280 2117 1322 2183 ll,
1338 2134 1348 2169 ι
1362 2136 1368 2171 :

856 2216 870 2243 u
883 2216 910 2251 se
921 2197 1070 2267 perculsum
1081 2207 1159 2266 atque
1171 2196 1303 2265 abjectum
1311 2214 1371 2249 sen·

857 2297 870 2321 r
884 2276 923 2329 tit.
932 2298 945 2323 υ
957 2274 1011 2329 Sed
1019 2276 1099 2329 eliam
1107 2279 1306 2329 contradereest
1314 2293 1371 2329 ver·

854 2352 920 2407 lsurn
932 2364 959 2407 et
975 2373 1053 2425 grave
1071 2364 1099 2407 el
1115 2354 1242 2423 elegans,
1261 2352 1296 2407 de
1313 2370 1369 2421 quo

855 2428 914 2483 ride
939 2430 1074 2485 Drakenb.
1097 2430 1129 2483 ad
1150 2431 1264 2497 Silium,
1284 2430 1370 2497 Vlll‚

856 2508 922 2573 321,
936 2507 1061 2563 Cortium
1074 2509 1106 2563 asl
1120 2510 1292 2577 Sallustium,
1307 2509 1370 2577 Jug.

855 2588 901 2655 433
911 2588 1014 2643 Ernest.
1022 2589 1056 2642 sd
1064 2588 1187 2643 Tacitum
1194 2588 1291 2642 Annal.
1303 2587 1370 2653 Xll,

855 2666 895 2721 31.
910 2668 967 2723 Neo
977 2669 1050 2737 srio,
1070 2687 1103 2721 an
1115 2669 1177 2723 satis
1189 2666 1373 2722 benedicatur

854 2767 926 2802 arma
934 2752 1083 2817 peneum,-
1099 2760 1125 2803 at
1136 2768 1208 2801 arura
1221 2750 1373 2802 contundere

854 2844 922 2897 srepe
935 2828 1047 2899 legitur,
1063 2827 1143 2881 etiam
1157 2824 1227 2897 apud
1240 2826 1371 2879 Nostrum

853 2924 932 2975 supra
941 2926 978 2959 vs.
987 2906 1052 2969 380;
1067 2906 1126 2973 Vl,
1139 2904 1204 2968 351;
1221 2902 1369 2957 lexPonlo

854 2996 907 3049 111,
920 2982 969 3056 693
983 2984 1105 3053 Propert.
1115 2982 1166 3049 lV,
1179 2998 1225 3046 rr,
1237 2984 1277 3033 52.
1293 2978 1370 3031 Beue

855 3072 944 3116 sutem
957 3062 1027 3117 hanc
1038 3064 1175 3117 victoriam
1186 3077 1248 3113 eum
1260 3068 1371 3127 tempe·

853 3148 919 3194 state
938 3140 1006 3195 illius
1019 3139 1071 3194 diei
1086 3138 1223 3207 conjunxit
1236 3136 1372 3191 verbisul

853 3224 915 3273 lice!
926 3218 1052 3287 etsuerr‘l,
1067 3218 1101 3271 sit
1113 3217 1165 3283 ita,
1180 3226 1210 3269 ut
1221 3235 1254 3267 eo
1265 3214 1308 3269 die
1320 3214 1369 3267 in-

854 3298 961 3353 terdurn
975 3296 1076 3369 grando
1091 3294 1186 3359 eadat,
1203 3304 1230 3346 et
1237 3292 1322 3361 facerit
1331 3291 1367 3345 ita

854 3388 882 3431 et
894 3378 966 3431 olim.
979 3376 1058 3429 Hanc
1072 3372 1151 3445 igitur
1165 3372 1307 3427 lectionem
1319 3392 1369 3425 sn·

854 3456 956 3526 tiquam
967 3465 995 3508 et
1006 3452 1139 3525 vulgatam
1150 3489 1158 3517 ,
1177 3451 1258 3505 etiam
1271 3450 1368 3505 Teub-

854 3554 922 3589 nero
932 3534 1083 3604 probolam,
1100 3550 1184 3601 quum
1190 3528 1368 3585 sensumsun-

854 3613 901 3670 det
914 3615 1061 3685 optimum,
1077 3629 1201 3665 revocare
1216 3628 1272 3663 non
1284 3608 1369 3662 ‹lubi-

854 3694 915 3746 tari.
927 3692 1099 3746 Burmannus
1112 3709 1144 3743 ex
1156 3688 1255 3743 Moser.
1267 3686 1370 3741 zulich,

854 3772 942 3842 primo
960 3770 1083 3824 Amlsros.
1101 3766 1222 3821 Vossian.
1236 3764 1369 3819 Arondel.

854 3862 881 3904 et
894 3850 949 3903 aliis
961 3849 1096 3902 invexerat
1114 3848 1155 3901 su
1171 3850 1231 3899 licet
1245 3843 1370 3911 ullnerr't.

854 3928 968 3983 Heinsio
978 3947 1041 3982 cum
1054 3924 1212 3997 quibusdam
1222 3922 1298 3979 MSS
1309 3922 1367 3993 pla-

853 4004 1167 4075 cebatScilr'cetulJucrit,
1182 4002 1370 4073 quemvissue-

853 4085 896 4139 rit.
912 4083 974 4139 Hoc
990 4082 1071 4154 igitur
1087 4080 1218 4137 Gesenius
1233 4080 1260 4133 in
1274 4078 1372 4149 speei-

854 4162 928 4217 mine
940 4180 988 4217 suo
998 4160 1113 4230 recepit,
1123 4158 1200 4229 eique
1213 4156 1307 4213 tribuit
1315 4156 1370 4209 vim

853 4241 937 4313 digito
949 4240 1021 4312 quasi
1034 4234 1194 4295 intendendi
1206 4234 1240 4291 ad
1249 4254 1369 4307 sequen·-
