3025 5009
464 451 772 543 ruscorum
796 455 897 524 um.
929 458 1006 526 111.
1213 457 1278 524 185

200 596 299 670 lluuc
315 610 353 668 tu
368 621 441 668 non
455 594 582 696 poteris
599 623 659 697 per
676 612 709 670 te
726 593 888 670 deducere
906 594 1005 671 caelo:

247 713 296 785 At
310 711 436 814 poten's
452 729 568 786 nostra
585 710 725 800 forsitan
744 739 827 786 usus
848 739 923 814 ope.

200 825 342 900 Dixerat
359 825 430 900 haec
447 827 583 900 Faunus
596 857 606 900 z
619 854 682 928 par
697 844 748 901 est
765 827 929 902 sententia
946 826 1028 900 Pici.

249 944 354 1017 Deme
370 959 480 1018 tamen
497 943 601 1018 uobis
616 942 770 1030 uincula,
789 943 889 1018 Picus
909 943 965 1018 ait.

199 1059 335 1162 Jupiter
349 1059 418 1134 huc
433 1060 562 1147 veniet,
581 1060 688 1134 valida
706 1059 872 1132 deductus
889 1058 932 1131 ab
950 1075 1042 1132 artes

250 1173 378 1248 Nubila
393 1175 552 1276 promissi
569 1176 652 1276 Styx
668 1174 752 1248 milri
770 1174 866 1248 testis
883 1172 957 1248 erit.

201 1290 325 1365 Emissi
344 1290 427 1390 quid
444 1309 545 1388 agant
562 1289 709 1392 laqueis,
727 1317 801 1392 quae
817 1289 962 1364 carmina
980 1287 1110 1376 dicant,

247 1404 392 1504 Quaque
409 1399 543 1480 trahant
558 1407 688 1508 superis
701 1404 840 1480 sedibus
857 1422 925 1479 arte
942 1406 963 1477 J
966 1431 1079 1492 ovem,

201 1521 293 1594 Scire
307 1521 401 1595 nefas
416 1521 862 1596 homiuizuobiscoucesaa
880 1537 1062 1606 canantur,
1229 1538 1278 1592 325

250 1636 402 1737 Quaeque
416 1637 476 1737 pio
496 1636 562 1711 dici
577 1637 662 1712 vatis
677 1638 721 1710 ab
738 1665 795 1712 ore
812 1635 901 1710 licet.

202 1749 354 1826 Eliciuut
368 1749 448 1826 caelo
466 1769 518 1839 te,
534 1751 686 1852 Jupiter,
704 1753 794 1826 uude
807 1751 955 1826 minores

249 1870 350 1942 Nunc
366 1895 503 1968 quoque
521 1883 555 1940 te
571 1865 762 1956 celebrant,
781 1865 992 1967 Eliciumque
1006 1881 1136 1942 vocant.

204 1985 346 2058 Constat
360 1983 535 2058 Aventina
551 1983 725 2058 tremuisse
742 1980 912 2058 cacumina
928 1981 1039 2056 silvae:

250 2103 421 2201 Terraque
438 2099 592 2174 subsedit
607 2099 755 2200 pondere
771 2128 887 2200 pressa
902 2101 923 2172 J
926 2098 1010 2174 ovis.
1232 2119 1284 2170 330

202 2274 280 2318 testas
290 2274 380 2318 notua
392 2263 531 2318 diviua-
540 2265 618 2318 Hunc
627 2275 656 2318 ta
666 2283 718 2318 nou
799 2264 849 2317 323
855 2283 911 2334 sqq.
921 2264 1034 2318 Excusat
1041 2283 1069 2318 se
1077 2263 1202 2331 Ovidius,
1211 2263 1283 2334 quod

197 2349 294 2411 poteris
305 2354 355 2398 etc.
366 2343 447 2413 Apud
461 2343 563 2398 Arnob.
575 2345 718 2398 instituunt
766 2361 821 2396 uon
835 2352 959 2409 enarrat,
975 2343 1039 2413 quid
1052 2343 1098 2396 Dii
1111 2343 1146 2396 illi
1160 2345 1284 2414 egerint,

203 2441 308 2492 regem,
320 2422 416 2492 quibus
426 2423 585 2492 ipseJorem
593 2423 680 2477 modis
689 2433 717 2477 et
765 2431 796 2474 ut
808 2421 856 2487 lV,
871 2425 969 2476 552.-
980 2425 1100 2476 cartana
1113 2423 1196 2492 Neap.
1208 2423 1282 2476 intel.

202 2501 719 2558 sacrifieiisadterreeelieiat-Dedscere
766 2497 1283 2568 verbaPontilicis,quumfulminaeou·

203 2581 274 2634 reela.
286 2601 325 2651 pr.
339 2599 495 2652 magorum,
512 2600 570 2651 qute
582 2591 609 2635 et
624 2581 716 2636 lunam
756 2578 853 2650 debat.
870 2578 958 2632 Immo
970 2576 1085 2630 formula
1098 2575 1284 2631 incantationis

204 2659 293 2714 soelo
308 2659 441 2714 deducere
457 2682 472 2707 a
492 2669 624 2730 poteraut.
645 2660 717 2713 Plu·
765 2655 973 2727 cogitanda,qua
982 2654 1018 2708 illi
1025 2655 1123 2708 lovem
1130 2653 1285 2715 eliciebant;

203 2737 286 2792 lerch-
296 2750 435 2808 καταγαγεῖν
446 2743 484 2794 τὸν
496 2745 542 2792 Δία
550 2742 718 2806 meritame-
768 2735 811 2802 ll,
822 2735 956 2804 defi-*De
963 2733 1078 2788 formula
1087 2739 1153 2786 scire
1160 2731 1244 2800 nefas,
1251 2730 1285 2786 (le

235 2816 294 2869 321.
307 2817 399 2871 Lectio
413 2820 536 2872 delectus
549 2821 583 2869 ab
598 2826 653 2870 arte
664 2835 717 2869 ve·-
766 2815 812 2880 iis,
826 2832 884 2884 qun
901 2814 968 2868 scire
987 2813 1078 2868 conari
1097 2812 1210 2881 impium
1228 2821 1285 2878 est,

204 2894 503 2959 risumarnilriridetun
512 2915 628 2964 uanique
637 2899 718 2948 dedu·
767 2889 819 2944 vid.
833 2891 920 2944 Bentl.
933 2889 964 2942 ad
980 2890 1100 2953 Horati
1111 2927 1119 2954 ,
1132 2887 1186 2942 Od.
1199 2904 1246 2953 xc,
1264 2908 1285 2940 ι.

204 2993 270 3038 cere,
283 2975 355 3043 quod
370 2995 438 3030 vers
452 2976 519 3044 317,
535 2983 718 3044 praeessent,
766 2995 800 3010 ·-
818 2971 899 3021 Disce*
906 2967 1001 3022 Burin.
1020 2987 1035 3022 e
1054 2967 1166 3035 conject.
1180 2963 1286 3020 Heiusii

204 3051 247 3106 liic
258 3052 399 3106 commode
415 3053 545 3122 repetitur
557 3091 565 3119 ,
584 3063 612 3105 et
628 3054 719 3104 valivo
766 3045 855 3114 dedit,
877 3065 1039 3117 quamquam
1051 3065 1102 3100 nec
1112 3049 1176 3099 duci'
1187 3064 1219 3098 ex
1229 3063 1285 3096 uno

203 3130 273 3185 bene
280 3133 447 3204 eonveniteq‘,
455 3141 522 3194 arte,
535 3142 564 3184 et
572 3133 606 3183 ab
615 3139 671 3182 arte
678 3139 718 3183 est
767 3125 842 3182 Voss.
855 3126 996 3196 improbat.
1010 3125 1109 3180 Ceteri
1126 3128 1195 3184 dici,
1212 3121 1286 3194 quod

204 3225 254 3276 ope
264 3209 333 3263 artis.
345 3208 417 3261 Male
426 3207 531 3262 Teubn.
542 3216 634 3277 punt,
645 3205 718 3260 huuc
768 3204 900 3258 revocavit
911 3201 1018 3258 Mitsch.
1026 3214 1053 3258 et
1062 3201 1182 3256 defendit
1190 3199 1286 3256 Krelss.

204 3301 282 3338 tusum
302 3283 494 3355 propositionis
511 3287 545 3336 ab
562 3283 719 3336 inusitatum
769 3283 869 3352 Recte,
883 3293 991 3353 propter
1003 3280 1286 3343 MSSauctoritatem3

204 3382 268 3417 esse.
282 3363 344 3418 Vid.
362 3361 472 3417 Curtius
489 3362 524 3416 acl
535 3362 640 3416 Sallust.
656 3362 721 3431 Jug.
768 3359 885 3430 alioquin
897 3363 967 3415 disci
975 3359 1083 3414 delendi
1094 3369 1182 3430 posset
1194 3379 1208 3414 e
1223 3378 1283 3412 ver·

205 3440 319 3508 XXXl,
336 3461 361 3494 2.
382 3441 476 3511 Neque
494 3440 588 3507 video,
605 3459 654 3494 cur
670 3460 720 3493 urz
768 3457 800 3494 su
812 3439 871 3492 313.

203 3519 278 3574 doris
289 3523 379 3574 ualida
388 3519 500 3574 dicatur.
511 3519 555 3574 De
565 3528 621 3574 arte
630 3537 721 3572 sermo
801 3519 859 3588 ³²7·
868 3517 923 3572 Liv.
933 3518 963 3586 l,
976 3537 1024 3572 ao:
1037 3539 1050 3564 s
1062 3517 1105 3572 Ad
1117 3536 1149 3584 ea
1157 3516 1287 3570 elicienda

205 3600 282 3655 estin
294 3618 368 3670 seqq.
376 3599 413 3653 Et
422 3609 533 3653 tuentur
544 3598 637 3652 lmese
648 3597 721 3650 mul·
770 3618 785 3644 s
797 3615 828 3650 ex
841 3597 975 3652 mentibus
989 3596 1084 3651 divinis
1097 3635 1105 3663 ,
1125 3595 1187 3649 Jovi
1202 3595 1287 3650 Elicio

205 3685 295 3729 torum
303 3674 378 3730 MSS
386 3676 552 3730 auctoritate.
560 3673 636 3729 Olim
644 3674 719 3727 edeb.
770 3697 784 3724 n
797 3677 906 3730 aramin
915 3675 1172 3740 Aventinodicarit,
1186 3673 1286 3726 Deum·

201 3755 339 3820 perductus
347 3756 382 3804 ab
388 3771 456 3806 arce.
465 3751 518 3806 Sed
525 3751 643 3818 atteiam
649 3751 721 3804 Nau·
770 3777 785 3804 a
798 3775 849 3826 que
862 3755 995 3810 consuluit
1006 3754 1140 3825 auguriis,
1157 3771 1217 3820 ques
1228 3771 1286 3806 sua-

205 3847 259 3897 ger.
269 3829 378 3882 notabat
389 3848 421 3882 ex
432 3829 576 3882 nonnullis.
587 3831 721 3882 Deductus
770 3855 785 3880 a
797 3832 920 3902 cipienda
928 3833 1211 3894 menta-Milium,
1224 3847 1285 3899 pos-

205 3904 309 3973 primus
327 3903 445 3973 Scaliger
455 3924 471 3958 e
487 3903 576 3959 codice
593 3915 644 3958 vet
656 3923 721 3974 pro-
770 3909 913 3963 teri-De
925 3918 1031 3962 tumore
1042 3908 1101 3977 illo,
1111 3908 1207 3962 divine
1218 3927 1287 3978 pree-

206 3982 279 4049 tulit,
298 3983 439 4052 probatum
452 3995 479 4038 et
489 3984 595 4038 Daniel.
607 3983 721 4038 Heinsio
768 3987 860 4042 sentite
869 3987 959 4057 siguo,
968 3987 1028 4040 alibi
1037 3986 1154 4052 diewini
1167 3985 1236 4042 cons.
1244 3989 1287 4052 11,

206 4070 285 4130 atque
294 4062 476 4132 Neappostea
485 4063 575 4132 plures
582 4061 656 4116 MSS
664 4063 721 4117 hese
770 4065 828 4136 439.
840 4065 957 4118 Numam
970 4064 1071 4119 horror
1079 4065 1122 4120 ille
1137 4085 1211 4120 sacer
1223 4083 1285 4120 cor-

206 4139 261 4194 duo
273 4139 474 4198 continuarunt.
486 4170 520 4182 -
531 4145 642 4203 Nubila,
659 4142 721 4210 quia
769 4142 846 4212 ripit,
859 4143 919 4196 Deo
934 4141 1007 4209 riso;
1024 4153 1052 4198 et
1065 4145 1093 4198 in
1106 4144 1226 4214 precibus
1237 4163 1287 4197 so-

206 4215 317 4273 nebulas
325 4215 430 4273 exhalat
439 4217 529 4286 iners3
546 4217 575 4272 ll
584 4217 652 4274 Met.
663 4219 720 4286 435.
768 4219 865 4274 lemuis
876 4231 935 4278 erat
945 4219 989 4276 illa
1002 4219 1142 4290 conditio,
1159 4221 1181 4277 si
1200 4231 1226 4276 te
1241 4221 1285 4291 pic
