3025 5009
276 454 317 497 aa
548 432 587 495 Ρ.
620 431 807 499 OVIDII
841 430 1073 500 NASONIS

273 572 405 667 Pagina
415 569 579 669 judicium
595 568 686 643 docti
705 568 856 643 subitura
873 586 1026 643 movetur

292 712 301 731 ·
321 686 514 787 Principis,
534 704 574 759 ut
590 684 703 761 Clario
720 686 822 759 missa
839 685 978 781 legenda
990 688 1075 760 Deo.

277 806 362 901 Quae
379 802 424 876 sit
442 803 531 876 enim
548 800 630 875 culti
647 802 801 877 facundia
819 804 985 877 sensimus
1001 802 1092 888 oris,

326 902 439 995 Ciuica
456 949 518 1020 pro
537 918 676 1019 trepidis
695 948 800 1020 quum
816 918 895 993 tulit
910 918 1090 993 armareis.

276 1035 406 1111 Scimus
422 1053 474 1123 et,
494 1035 684 1111 adnostros
703 1066 806 1137 quum
824 1065 859 1111 se
877 1034 957 1110 tulit
971 1036 1115 1137 impetus
1132 1050 1238 1119 artes,

327 1150 458 1247 Ingenii
477 1170 611 1227 currant
626 1152 764 1229 llumina
781 1170 906 1253 quanta
923 1150 983 1225 tui.

277 1269 314 1343 Si
332 1269 428 1357 licet,
446 1288 480 1344 ct
496 1270 546 1343 las
563 1287 633 1358 est,
651 1283 742 1344 vates
759 1298 836 1365 rege
852 1270 938 1343 ratis
954 1267 1124 1342 habenas:
1181 1339 1185 1352 ,
1321 1285 1356 1337 25

276 1470 331 1533 quo
348 1482 391 1517 rne
403 1462 516 1533 respicis.
530 1461 571 1515 lv
582 1482 614 1517 ex
625 1462 706 1517 Pout.
716 1479 771 1515 rur
782 1503 789 1530 ,

278 1544 321 1608 58,
330 1541 364 1595 ad
371 1542 498 1595 eumdem
505 1542 710 1610 Germanicum,
720 1564 734 1588 e
742 1542 762 1595 J
763 1562 790 1595 u·

278 1643 291 1668 »ι
303 1619 373 1675 dicio
384 1620 499 1689 pretium
508 1639 550 1673 res
562 1620 642 1673 habet
650 1622 697 1674 ista
710 1630 788 1673 tuo.»

312 1718 351 1770 ¹9·
367 1703 483 1766 Papia,
500 1698 582 1761 liber,
601 1700 662 1766 tlt,
679 1701 789 1773 7912511

276 1778 368 1849 primis
393 1777 426 1831 de
448 1779 532 1832 Fastis
557 1777 700 1833 dicebatur.
728 1778 787 1831 Vid.

276 1856 441 1911 schwartius
452 1854 485 1908 ad
497 1856 628 1921 Plinium,
641 1876 732 1926 paneg.
748 1876 790 1928 9²·

279 1933 313 1987 ln
326 1933 424 1986 librum
442 1935 535 1987 tmnsit
555 1946 643 1989 metus
660 1935 790 1999 atrctoris3

276 2011 366 2081 itaque
389 2020 501 2065 mouetur
523 2012 688 2078 reverentia,
714 2022 790 2065 um-

276 2106 357 2157 quam
369 2087 496 2158 legendus
504 2090 656 2143 mitteretur
664 2089 789 2159 Apollini.

277 2168 359 2222 -De
374 2170 459 2221 clano
470 2168 529 2222 ride
542 2168 574 2221 ad
587 2170 599 2221 l
613 2169 724 2223 Metam.
733 2165 789 2223 515.

277 2247 428 2319 Doctrinae·
448 2246 599 2303 Germanici
612 2268 673 2301 vere
686 2247 789 2313 laudat,

279 2335 307 2376 et
317 2324 457 2381 commode
468 2326 496 2379 in
510 2326 675 2382 dedicatione
691 2328 792 2381 canni*

276 2402 326 2457 nis.
342 2404 444 2459 confer
461 2406 549 2459 locum
565 2408 694 2477 insignem
712 2407 740 2461 11
759 2426 791 2459 ex

277 2482 357 2537 Pout
371 2489 398 2549 5,
412 2487 461 2557 49,
472 2505 521 2555 sqq
531 2507 537 2548 ς
549 2496 617 2539 turn*
628 2486 790 2540 Suetonium

279 2558 398 2629 Calipd,
408 2561 453 2615 ubi
462 2563 485 2615 ei
496 2562 621 2617 tribuitur
632 2562 790 2633 «ingenium

277 2660 291 2684 ν
305 2638 333 2691 in
344 2650 458 2707 utroque
471 2641 630 2710 eloquentie
646 2642 791 2695 doctrinae·

279 2735 292 2759 ιι
307 2734 358 2783 que
369 2734 465 2785 genere
478 2718 659 2785 praecellens.»
672 2718 737 2771 Mox
747 2717 790 2771 ad·

276 2789 358 2857 ditur,
372 2813 386 2837 o
398 2790 493 2845 Oravit
504 2812 593 2848 causas
605 2794 687 2849 etiarn
698 2794 791 2849 trium·

278 2890 292 2915 u
306 2870 410 2939 phales,
422 2880 500 2939 atque
510 2873 580 2927 inter
591 2874 792 2929 caeterastudio·

279 2973 292 2997 u
307 2970 368 3003 rum
382 2962 557 3006 monumenta
569 2952 675 3023 reliquit
690 2972 791 3009 oornce-

278 3030 359 3085 »dias
370 3050 499 3103 graecas.»
514 3032 557 3087 De
568 3034 666 3099 causis,
685 3054 749 3104 quas
762 3035 790 3087 iu

275 3106 334 3160 soro
346 3108 414 3178 egit,
428 3108 496 3161 cons.
509 3109 562 3161 Dio
573 3109 644 3163 Cass.
656 3110 735 3176 LVI,
750 3112 791 3165 ab.

278 3186 375 3240 Poesin
401 3196 428 3239 et
454 3186 633 3254 eloquentiam
655 3188 791 3243 sorensem

276 3265 383 3335 plurimi
398 3264 476 3318 simul
494 3264 623 3320 colebant
642 3268 722 3321 Hanc
744 3288 791 3323 or-

277 3355 339 3400 nate
349 3346 446 3400 Noster
457 3344 556 3399 extulit.
567 3372 601 3386 -
613 3346 674 3399 Oris
688 3350 791 3401 mentio

277 3442 345 3493 sepe
365 3422 395 3476 sit
413 3422 440 3473 in
460 3422 570 3475 oratoris
591 3422 790 3493 descriptione,

278 3503 355 3571 eique
366 3500 492 3555 tribuitur
502 3520 531 3553 os
541 3504 655 3563 latinum,
670 3520 786 3569 mcum,

273 3586 379 3649 planum
389 3590 439 3634 etc.
451 3578 637 3648 Eloquentiam
651 3598 791 3635 commen-

278 3659 323 3713 dat
340 3660 372 3713 ab
390 3658 574 3713 honestissimo
593 3660 650 3727 ejus
671 3678 738 3725 usu,
761 3671 792 3714 ut

278 3736 420 3803 Horatius,
435 3736 478 3803 ll,
494 3736 548 3791 Od.
564 3758 595 3803 r,
613 3738 655 3803 13,
669 3736 714 3790 ubi
726 3737 791 3790 Pol-

276 3816 313 3869 lio
321 3817 440 3886 «insigne
449 3815 790 3885 rnoestispraesidiumreis.»

277 3896 404 3950 Actiones
421 3896 538 3951 forenses
555 3897 669 3950 libenter
682 3916 791 3965 compa·

276 3972 371 4027 rabant
390 3985 492 4029 veteres
516 3994 577 4028 cum
606 3992 715 4045 pugnat
736 3974 791 4028 ci-

276 4070 351 4117 cero,
368 4054 388 4105 l.
408 4052 457 4107 Or.
477 4053 522 4119 34;
544 4052 742 4121 Quintilianus,
757 4056 788 4119 l,

274 4144 300 4193 1,
326 4150 376 4201 29,
394 4130 439 4183 ubi
462 4142 489 4184 et
507 4150 580 4183 arma
601 4130 789 4186 describuntur

273 4204 358 4273 qualia
378 4209 472 4263 actoris
489 4228 544 4263 esse
566 4208 663 4263 deceat.
689 4209 787 4264 Cicero

840 1462 934 1515 actoris
946 1478 1057 1531 operm
1068 1463 1190 1513 uadum
1200 1466 1276 1511 vocat
1284 1461 1357 1510 mili-

839 1546 912 1594 tiana.

873 1620 912 1671 23.
925 1621 1049 1686 Impetus,
1066 1615 1152 1684 calor,
1168 1614 1291 1685 spiritus,
1303 1632 1356 1667 en-

839 1696 997 1751 tbusiasmus
1009 1694 1143 1766 poeticus,
1155 1695 1237 1747 etiam
1251 1693 1308 1757 Vl,
1320 1693 1355 1755 6;

838 1776 878 1828 IV
887 1795 919 1829 et
927 1777 1032 1842 Ponto,
1045 1792 1083 1841 11,
1093 1775 1141 1841 ab,
1153 1796 1168 1821 a
1178 1774 1297 1843 Impetus
1311 1770 1357 1823 ille

841 1874 856 1901 »
866 1873 953 1922 sacer,
967 1856 1011 1925 qui
1021 1867 1112 1909 vatum
1123 1864 1230 1923 pectora
1238 1851 1356 1906 nutrit.»

840 1934 910 1987 ltern
921 1934 1063 2002 Phedrus,
1076 1936 1127 2001 IV,
1139 1933 1192 1987 sab.
1201 1949 1285 1999 xxiv,
1298 1953 1357 2001 7.-

838 2014 1043 2083 Ingenii‘finmen
1054 2014 1082 2067 in
1097 2014 1212 2067 maxima
1227 2022 1255 2065 et
1269 2020 1357 2081 poetae

839 2090 917 2145 laude
933 2093 1062 2163 ponitur,
1084 2104 1111 2147 et
1126 2092 1246 2146 oratoris.
1259 2091 1355 2159 ltaque

841 2167 1003 2236 Quintilii,
1013 2188 1040 2237 r,
1051 2171 1098 2237 br,
1111 2170 1244 2224 Pindarus
1253 2168 1358 2221 excellit

840 2246 938 2299 «velut
956 2246 1072 2315 quodam
1090 2246 1247 2315 eloquentiae
1263 2244 1357 2298 flumi-

845 2346 934 2395 „uem
945 2324 987 2378 De
994 2324 1149 2379 Germanici
1161 2324 1315 2393 ingeniolV
1325 2342 1357 2375 ea

841 2409 946 2471 Ponto,
966 2420 1036 2470 vnt,
1052 2405 1102 2476 69,
1123 2425 1137 2450 a
1158 2402 1242 2471 Quod
1257 2402 1308 2456 nisi
1328 2414 1357 2456 tc

841 2503 856 2530 »
866 2501 969 2536 numen
983 2492 1088 2537 tanturn
1101 2480 1134 2534 ad
1145 2482 1247 2549 majora
1258 2499 1357 2535 vocas-

840 2581 856 2608 »
866 2571 906 2613 set
916 2598 924 2626 ,
936 2558 1029 2613 Gloria
1039 2559 1178 2613 Pieridum
1189 2574 1295 2611 sumana
1306 2556 1358 2609 lu-

841 2660 855 2685 »
869 2647 944 2692 turus
952 2658 1017 2693 eras
1027 2660 1041 2686 »
1052 2638 1088 2691 Et
1099 2639 1232 2709 poeticum
1243 2639 1301 2706 ejus
1311 2637 1359 2689 in-

839 2715 949 2784 genium
962 2716 1042 2769 etiam
1055 2714 1135 2781 bodie
1146 2726 1258 2769 testetur
1270 2716 1358 2769 versio

840 2793 925 2847 Arati.
937 2797 1113 2862 &sarnum
1125 2795 1261 2860 observat,
1277 2813 1358 2848 euru-

838 2869 902 2925 dem
911 2886 926 2925 a
935 2872 1035 2942 poetica
1047 2872 1145 2926 virtute
1158 2892 1173 2925 a
1184 2871 1357 2939 Quintiliano

838 2951 951 3004 summis
977 2949 1067 3004 elteri-i
1093 2948 1220 3003 laudibus.
1249 2949 1357 3001 Verum

841 3028 1040 3097 Quintilianus,
1053 3028 1096 3092 X,
1108 3044 1137 3092 1,
1149 3047 1179 3098 9¹
1191 3064 1199 3091 ,
1212 3044 1267 3079 uon
1280 3025 1357 3079 bunc

840 3105 1046 3169 Germanicum,
1054 3102 1100 3156 sed
1105 3103 1292 3157 Domitianum
1301 3105 1357 3158 lni-

840 3196 991 3255 peratorem
1008 3180 1151 3248 intellexit,
1167 3180 1227 3245 cui,
1241 3183 1356 3235 uecessi-

840 3277 894 3321 tate
905 3275 1025 3329 coactus,
1036 3262 1131 3333 passim
1142 3261 1262 3317 adrdatus
1271 3274 1357 3316 est-

839 3346 939 3397 Sr'lr'eet
947 3341 1026 3409 etsas
1036 3348 1077 3395 est
1084 3339 1200 3393 formula
1209 3339 1355 3408 solemnis,

839 3423 920 3477 etiam
930 3441 1009 3477 sacra.
1022 3420 1123 3487 Livius,
1137 3420 1167 3481 l,
1182 3438 1205 3471 a.
1217 3438 1231 3465 a
1245 3420 1356 3488 Quem·

841 3524 856 3549 a
866 3521 981 3571 cumque
992 3519 1055 3554 eum
1072 3499 1124 3553 dici
1137 3500 1180 3567 jus
1190 3497 1280 3568 sasque
1288 3511 1331 3554 est
1341 3523 1357 3549 »

840 3583 873 3636 de
885 3581 974 3635 AEnea
981 3582 1052 3634 inter
1060 3580 1132 3633 Deos
1139 3578 1229 3631 relato.
1236 3578 1291 3631 Sed
1300 3598 1357 3648 quo

839 3682 913 3716 nunc
924 3662 968 3715 illa
978 3660 1094 3714 refertur
1104 3660 1117 3714 ἲ
1132 3658 1245 3712 tenum
1255 3659 1357 3713 subin-

839 3739 1008 3810 tettigiavet,
1018 3747 1049 3791 ut
1055 3750 1126 3792 vates
1132 3749 1220 3791 vatem
1227 3737 1356 3806 inspiret,

839 3820 917 3875 velut
925 3830 952 3872 tu
963 3817 1143 3871 exsulit‘aveas.
1152 3815 1239 3870 Possis
1250 3818 1357 3870 etsub-

839 3898 918 3965 iicere
927 3893 1084 3964 cogitando,
1095 3894 1184 3947 silicet
1194 3904 1273 3946 tuum
1282 3894 1358 3947 auxi-

838 3974 904 4027 lium
915 3974 1168 4043 implorare-Repe
1176 3974 1291 4025 batem
1297 3992 1355 4026 non

838 4051 927 4105 differt
937 4072 953 4104 a
962 4050 1099 4121 superiore
1108 4053 1190 4117 λίπῃ
1200 4054 1277 4102 naris
1284 4055 1353 4116 a‘ter‚·

838 4146 901 4182 narn
916 4129 1086 4199 gubernatori
1098 4146 1205 4197 quoque
1215 4127 1291 4181 navis
1304 4132 1357 4182 be-

837 4212 907 4263 tene
915 4210 1076 4264 tribuuntur.
1082 4209 1152 4264 Vide
1161 4209 1193 4265 ad
1201 4211 1230 4263 11
1238 4210 1354 4265 Metam.
