<?xml version="1.0" encoding="UTF-8"?>
<!DOCTYPE html PUBLIC "-//W3C//DTD XHTML 1.0 Transitional//EN"
    "http://www.w3.org/TR/xhtml1/DTD/xhtml1-transitional.dtd">
<html xmlns="http://www.w3.org/1999/xhtml" xml:lang="en" lang="en">
 <head>
  <title>
</title>
<meta http-equiv="Content-Type" content="text/html;charset=utf-8" />
  <meta name='ocr-system' content='tesseract 3.04.00' />
  <meta name='ocr-capabilities' content='ocr_page ocr_carea ocr_par ocr_line ocrx_word'/>
</head>
<body>
  <div class='ocr_page' id='page_1' title='image "./publiiovidiinas00unkngoog_0156.png"; bbox 0 0 3025 5009; ppageno 0'>
   <div class='ocr_carea' id='block_1_1' title="bbox 377 450 1204 537">
    <p class='ocr_par' dir='ltr' id='par_1_1' title="bbox 377 450 1204 537">
     <span class='ocr_line' id='line_1_1' title="bbox 377 450 1204 537; baseline 0.001 -19"><span class='ocrx_word' id='word_1_1' title='bbox 377 450 688 519; x_wconf 73' lang='lat' dir='ltr'>esseorum</span> <span class='ocrx_word' id='word_1_2' title='bbox 720 453 819 519; x_wconf 82' lang='lat' dir='ltr'>utu.</span> <span class='ocrx_word' id='word_1_3' title='bbox 846 454 902 519; x_wconf 88' lang='lat'>11.</span> <span class='ocrx_word' id='word_1_4' title='bbox 1142 454 1204 537; x_wconf 71' lang='lat' dir='ltr'>1qu</span> 
     </span>
    </p>
   </div>
   <div class='ocr_carea' id='block_1_2' title="bbox 129 590 954 811">
    <p class='ocr_par' dir='ltr' id='par_1_2' title="bbox 129 590 954 811">
     <span class='ocr_line' id='line_1_2' title="bbox 129 590 921 668; baseline -0.003 -1"><span class='ocrx_word' id='word_1_5' title='bbox 129 593 294 668; x_wconf 81' lang='lat' dir='ltr'><strong>Gentibus</strong></span> <span class='ocrx_word' id='word_1_6' title='bbox 312 610 364 665; x_wconf 87' lang='lat' dir='ltr'>est</span> <span class='ocrx_word' id='word_1_7' title='bbox 381 590 454 667; x_wconf 87' lang='lat' dir='ltr'>aliis</span> <span class='ocrx_word' id='word_1_8' title='bbox 472 590 571 667; x_wconf 87' lang='lat' dir='ltr'>tellus</span> <span class='ocrx_word' id='word_1_9' title='bbox 589 592 667 666; x_wconf 88' lang='lat' dir='ltr'>data</span> <span class='ocrx_word' id='word_1_10' title='bbox 683 591 789 665; x_wconf 91' lang='lat' dir='ltr'>limite</span> <span class='ocrx_word' id='word_1_11' title='bbox 805 610 921 666; x_wconf 88' lang='lat' dir='ltr'>certo:</span> 
     </span>
     <span class='ocr_line' id='line_1_3' title="bbox 175 708 954 811; baseline -0.003 -28"><span class='ocrx_word' id='word_1_12' title='bbox 175 710 335 784; x_wconf 73' lang='lat' dir='ltr'>Romanae</span> <span class='ocrx_word' id='word_1_13' title='bbox 351 709 497 811; x_wconf 90' lang='lat' dir='ltr'>spatium</span> <span class='ocrx_word' id='word_1_14' title='bbox 513 726 563 782; x_wconf 89' lang='lat' dir='ltr'>est</span> <span class='ocrx_word' id='word_1_15' title='bbox 579 708 676 809; x_wconf 77' lang='lat' dir='ltr'>urbis</span> <span class='ocrx_word' id='word_1_16' title='bbox 693 726 727 783; x_wconf 92' lang='lat' dir='ltr'>et</span> <span class='ocrx_word' id='word_1_17' title='bbox 743 708 839 783; x_wconf 90' lang='lat' dir='ltr'>orbis</span> <span class='ocrx_word' id='word_1_18' title='bbox 854 708 954 782; x_wconf 89' lang='lat' dir='ltr'>idem.</span> 
     </span>
    </p>
   </div>
   <div class='ocr_carea' id='block_1_3' title="bbox 14 824 1268 920">
    <p class='ocr_par' dir='ltr' id='par_1_3' title="bbox 14 824 1268 920">
     <span class='ocr_line' id='line_1_4' title="bbox 14 824 1268 920; baseline 0.002 -25"><span class='ocrx_word' id='word_1_19' title='bbox 14 860 16 895; x_wconf 83' lang='lat' dir='ltr'>t</span> <span class='ocrx_word' id='word_1_20' title='bbox 127 828 231 901; x_wconf 81' lang='lat' dir='ltr'>NUNC</span> <span class='ocrx_word' id='word_1_21' title='bbox 249 825 389 900; x_wconf 87' lang='lat' dir='ltr'>dicenda</span> <span class='ocrx_word' id='word_1_22' title='bbox 403 825 487 899; x_wconf 89' lang='lat' dir='ltr'>mihi</span> <span class='ocrx_word' id='word_1_23' title='bbox 504 824 594 919; x_wconf 84' lang='lat' dir='ltr'>regis</span> <span class='ocrx_word' id='word_1_24' title='bbox 609 824 688 920; x_wconf 80' lang='lat' dir='ltr'>suga</span> <span class='ocrx_word' id='word_1_25' title='bbox 703 855 710 897; x_wconf 94' lang='lat'>:</span> <span class='ocrx_word' id='word_1_26' title='bbox 727 826 828 899; x_wconf 82' lang='lat' dir='ltr'>traxit</span> <span class='ocrx_word' id='word_1_27' title='bbox 845 825 887 899; x_wconf 88' lang='lat' dir='ltr'>ab</span> <span class='ocrx_word' id='word_1_28' title='bbox 904 825 962 899; x_wconf 89' lang='lat' dir='ltr'>illa</span> <span class='ocrx_word' id='word_1_29' title='bbox 1158 849 1209 901; x_wconf 78' lang='lat'>685</span> <span class='ocrx_word' id='word_1_30' title='bbox 1265 844 1268 847; x_wconf 82' lang='grc'><strong>’</strong></span> 
     </span>
    </p>
   </div>
   <div class='ocr_carea' id='block_1_4' title="bbox 128 941 1211 1507">
    <p class='ocr_par' dir='ltr' id='par_1_4' title="bbox 128 941 1211 1507">
     <span class='ocr_line' id='line_1_5' title="bbox 177 941 913 1019; baseline -0.004 -2"><span class='ocrx_word' id='word_1_31' title='bbox 177 946 299 1019; x_wconf 82' lang='lat' dir='ltr'>Sextus</span> <span class='ocrx_word' id='word_1_32' title='bbox 319 944 361 1017; x_wconf 91' lang='lat' dir='ltr'>ab</span> <span class='ocrx_word' id='word_1_33' title='bbox 380 944 528 1017; x_wconf 83' lang='lat' dir='ltr'>extremo</span> <span class='ocrx_word' id='word_1_34' title='bbox 548 942 684 1016; x_wconf 89' lang='lat' dir='ltr'>nomina</span> <span class='ocrx_word' id='word_1_35' title='bbox 701 970 815 1016; x_wconf 91' lang='lat' dir='ltr'>meuse</span> <span class='ocrx_word' id='word_1_36' title='bbox 831 941 913 1015; x_wconf 89' lang='lat' dir='ltr'>dies.</span> 
     </span>
     <span class='ocr_line' id='line_1_6' title="bbox 128 1058 943 1159; baseline -0.004 -25"><span class='ocrx_word' id='word_1_37' title='bbox 128 1060 255 1135; x_wconf 88' lang='lat' dir='ltr'>Ultima</span> <span class='ocrx_word' id='word_1_38' title='bbox 273 1058 479 1159; x_wconf 84' lang='lat' dir='ltr'>Tarquinius</span> <span class='ocrx_word' id='word_1_39' title='bbox 493 1062 654 1135; x_wconf 78' lang='lat' dir='ltr'>Romanae</span> <span class='ocrx_word' id='word_1_40' title='bbox 670 1060 780 1154; x_wconf 87' lang='lat' dir='ltr'>gentis</span> <span class='ocrx_word' id='word_1_41' title='bbox 795 1058 943 1133; x_wconf 87' lang='lat' dir='ltr'>babebat</span> 
     </span>
     <span class='ocr_line' id='line_1_7' title="bbox 177 1174 980 1276; baseline -0.004 -26"><span class='ocrx_word' id='word_1_42' title='bbox 177 1178 314 1273; x_wconf 81' lang='lat' dir='ltr'>Regna,</span> <span class='ocrx_word' id='word_1_43' title='bbox 333 1176 384 1248; x_wconf 88' lang='lat' dir='ltr'>vir</span> <span class='ocrx_word' id='word_1_44' title='bbox 400 1174 565 1276; x_wconf 88' lang='lat' dir='ltr'>injustus,</span> <span class='ocrx_word' id='word_1_45' title='bbox 584 1175 681 1249; x_wconf 91' lang='lat' dir='ltr'>sortis</span> <span class='ocrx_word' id='word_1_46' title='bbox 696 1175 739 1249; x_wconf 90' lang='lat' dir='ltr'>ad</span> <span class='ocrx_word' id='word_1_47' title='bbox 754 1204 846 1249; x_wconf 89' lang='lat' dir='ltr'>arma</span> <span class='ocrx_word' id='word_1_48' title='bbox 861 1194 980 1251; x_wconf 89' lang='lat' dir='ltr'>tamen.</span> 
     </span>
     <span class='ocr_line' id='line_1_8' title="bbox 130 1289 884 1393; baseline -0.001 -26"><span class='ocrx_word' id='word_1_49' title='bbox 130 1295 273 1393; x_wconf 79' lang='lat' dir='ltr'>Ceperat</span> <span class='ocrx_word' id='word_1_50' title='bbox 290 1291 346 1363; x_wconf 86' lang='lat' dir='ltr'>bic</span> <span class='ocrx_word' id='word_1_51' title='bbox 364 1290 465 1377; x_wconf 88' lang='lat' dir='ltr'>alias,</span> <span class='ocrx_word' id='word_1_52' title='bbox 484 1289 566 1365; x_wconf 88' lang='lat' dir='ltr'>alias</span> <span class='ocrx_word' id='word_1_53' title='bbox 584 1308 745 1367; x_wconf 79' lang='lat' dir='ltr'>everterat</span> <span class='ocrx_word' id='word_1_54' title='bbox 760 1292 884 1379; x_wconf 90' lang='lat' dir='ltr'>urbes;</span> 
     </span>
     <span class='ocr_line' id='line_1_9' title="bbox 179 1406 1211 1507; baseline -0.004 -26"><span class='ocrx_word' id='word_1_55' title='bbox 179 1410 225 1481; x_wconf 88' lang='lat' dir='ltr'>Et</span> <span class='ocrx_word' id='word_1_56' title='bbox 244 1407 373 1482; x_wconf 89' lang='lat' dir='ltr'>Gabios</span> <span class='ocrx_word' id='word_1_57' title='bbox 390 1406 483 1507; x_wconf 85' lang='lat' dir='ltr'>turpi</span> <span class='ocrx_word' id='word_1_58' title='bbox 498 1406 620 1481; x_wconf 82' lang='lat' dir='ltr'>lecerat</span> <span class='ocrx_word' id='word_1_59' title='bbox 637 1426 707 1481; x_wconf 89' lang='lat' dir='ltr'>arte</span> <span class='ocrx_word' id='word_1_60' title='bbox 726 1435 818 1481; x_wconf 87' lang='lat' dir='ltr'>suos.</span> <span class='ocrx_word' id='word_1_61' title='bbox 1159 1430 1211 1499; x_wconf 75' lang='lat'>690</span> 
     </span>
    </p>
   </div>
   <div class='ocr_carea' id='block_1_5' title="bbox 14 1518 1107 1625">
    <p class='ocr_par' dir='ltr' id='par_1_5' title="bbox 14 1518 1107 1625">
     <span class='ocr_line' id='line_1_10' title="bbox 14 1518 1107 1625; baseline 0 -30"><span class='ocrx_word' id='word_1_62' title='bbox 14 1518 15 1525; x_wconf 7' lang='grc' dir='ltr'>ἵ</span> <span class='ocrx_word' id='word_1_63' title='bbox 117 1524 282 1625; x_wconf 75' lang='lat' dir='ltr'>&#39;Namque</span> <span class='ocrx_word' id='word_1_64' title='bbox 301 1523 401 1597; x_wconf 93' lang='lat' dir='ltr'>trium</span> <span class='ocrx_word' id='word_1_65' title='bbox 417 1523 596 1611; x_wconf 87' lang='lat' dir='ltr'>minimus,</span> <span class='ocrx_word' id='word_1_66' title='bbox 613 1522 728 1624; x_wconf 92' lang='lat' dir='ltr'>proles</span> <span class='ocrx_word' id='word_1_67' title='bbox 745 1520 922 1597; x_wconf 85' lang='lat' dir='ltr'>manifesta</span> <span class='ocrx_word' id='word_1_68' title='bbox 938 1522 1107 1621; x_wconf 87' lang='lat' dir='ltr'>Superbi,</span> 
     </span>
    </p>
   </div>
   <div class='ocr_carea' id='block_1_6' title="bbox 130 1719 1212 1792">
    <p class='ocr_par' dir='ltr' id='par_1_6' title="bbox 130 1719 1212 1792">
     <span class='ocr_line' id='line_1_11' title="bbox 130 1719 1212 1792; baseline -0.001 -16"><span class='ocrx_word' id='word_1_69' title='bbox 130 1736 181 1776; x_wconf 78' lang='lat' dir='ltr'>tum</span> <span class='ocrx_word' id='word_1_70' title='bbox 197 1722 245 1776; x_wconf 81' lang='lat' dir='ltr'>vise</span> <span class='ocrx_word' id='word_1_71' title='bbox 264 1721 434 1775; x_wconf 77' lang='lat' dir='ltr'>Laurentina·</span> <span class='ocrx_word' id='word_1_72' title='bbox 453 1726 563 1789; x_wconf 79' lang='lat' dir='ltr'>lapidem</span> <span class='ocrx_word' id='word_1_73' title='bbox 580 1722 643 1775; x_wconf 91' lang='lat' dir='ltr'>olim</span> <span class='ocrx_word' id='word_1_74' title='bbox 695 1721 831 1792; x_wconf 84' lang='lat' dir='ltr'>eleganter</span> <span class='ocrx_word' id='word_1_75' title='bbox 843 1719 952 1790; x_wconf 92' lang='lat' dir='ltr'>ponitur</span> <span class='ocrx_word' id='word_1_76' title='bbox 961 1739 1024 1789; x_wconf 90' lang='lat' dir='ltr'>pro,</span> <span class='ocrx_word' id='word_1_77' title='bbox 1034 1720 1106 1791; x_wconf 92' lang='lat' dir='ltr'>quod</span> <span class='ocrx_word' id='word_1_78' title='bbox 1116 1723 1212 1777; x_wconf 79' lang='lat' dir='ltr'>attinet</span> 
     </span>
    </p>
   </div>
   <div class='ocr_carea' id='block_1_7' title="bbox 131 1798 1315 1875">
    <p class='ocr_par' dir='ltr' id='par_1_7' title="bbox 131 1798 1315 1875">
     <span class='ocr_line' id='line_1_12' title="bbox 131 1798 1315 1875; baseline 0.001 -22"><span class='ocrx_word' id='word_1_79' title='bbox 131 1798 646 1870; x_wconf 82' lang='lat' dir='ltr'>luisseimperiiromanifrnesnarratet</span> <span class='ocrx_word' id='word_1_80' title='bbox 695 1800 945 1855; x_wconf 87' lang='lat' dir='ltr'>ad.-Secnndum</span> <span class='ocrx_word' id='word_1_81' title='bbox 956 1800 1068 1875; x_wconf 85' lang='lat' dir='ltr'>Dionys.</span> <span class='ocrx_word' id='word_1_82' title='bbox 1080 1802 1141 1856; x_wconf 88' lang='lat' dir='ltr'>Hal.</span> <span class='ocrx_word' id='word_1_83' title='bbox 1156 1804 1211 1867; x_wconf 86' lang='lat' dir='ltr'>IV,</span> <span class='ocrx_word' id='word_1_84' title='bbox 1313 1833 1315 1836; x_wconf 95' lang='lat'>·</span> 
     </span>
    </p>
   </div>
   <div class='ocr_carea' id='block_1_8' title="bbox 132 1876 1220 3288">
    <p class='ocr_par' dir='ltr' id='par_1_8' title="bbox 132 1876 1218 2813">
     <span class='ocr_line' id='line_1_13' title="bbox 132 1876 1214 1953; baseline 0.008 -26"><span class='ocrx_word' id='word_1_85' title='bbox 132 1876 236 1943; x_wconf 83' lang='lat' dir='ltr'>Strabo,</span> <span class='ocrx_word' id='word_1_86' title='bbox 249 1877 291 1944; x_wconf 89' lang='lat' dir='ltr'>V,</span> <span class='ocrx_word' id='word_1_87' title='bbox 304 1896 329 1946; x_wconf 90' lang='lat' dir='ltr'>p.</span> <span class='ocrx_word' id='word_1_88' title='bbox 340 1878 406 1946; x_wconf 83' lang='lat'>357,</span> <span class='ocrx_word' id='word_1_89' title='bbox 417 1877 463 1931; x_wconf 91' lang='lat' dir='ltr'>ubi</span> <span class='ocrx_word' id='word_1_90' title='bbox 475 1888 502 1931; x_wconf 89' lang='lat' dir='ltr'>et</span> <span class='ocrx_word' id='word_1_91' title='bbox 513 1877 592 1947; x_wconf 80' lang='lat' dir='ltr'>hujus</span> <span class='ocrx_word' id='word_1_92' title='bbox 602 1896 645 1931; x_wconf 87' lang='lat' dir='ltr'>sa·</span> <span class='ocrx_word' id='word_1_93' title='bbox 695 1882 791 1953; x_wconf 65' lang='lat'>49-53,</span> <span class='ocrx_word' id='word_1_94' title='bbox 809 1881 925 1947; x_wconf 85' lang='lat' dir='ltr'>Latinis,</span> <span class='ocrx_word' id='word_1_95' title='bbox 939 1880 1064 1935; x_wconf 72' lang='lat' dir='ltr'>Hernicis</span> <span class='ocrx_word' id='word_1_96' title='bbox 1076 1891 1104 1935; x_wconf 83' lang='lat' dir='ltr'>et</span> <span class='ocrx_word' id='word_1_97' title='bbox 1112 1882 1214 1936; x_wconf 80' lang='lat' dir='ltr'>Volscis</span> 
     </span>
     <span class='ocr_line' id='line_1_14' title="bbox 132 1954 1212 2028; baseline 0.006 -22"><span class='ocrx_word' id='word_1_98' title='bbox 132 1954 220 2007; x_wconf 82' lang='lat' dir='ltr'>trilicii</span> <span class='ocrx_word' id='word_1_99' title='bbox 233 1955 399 2008; x_wconf 87' lang='lat' dir='ltr'>mentionem</span> <span class='ocrx_word' id='word_1_100' title='bbox 410 1954 479 2010; x_wconf 84' lang='lat' dir='ltr'>facit.</span> <span class='ocrx_word' id='word_1_101' title='bbox 494 1954 548 2008; x_wconf 85' lang='lat' dir='ltr'>Sed</span> <span class='ocrx_word' id='word_1_102' title='bbox 562 1974 644 2024; x_wconf 85' lang='lat' dir='ltr'>usque</span> <span class='ocrx_word' id='word_1_103' title='bbox 695 1960 723 2012; x_wconf 90' lang='lat' dir='ltr'>in</span> <span class='ocrx_word' id='word_1_104' title='bbox 739 1960 892 2012; x_wconf 79' lang='lat' dir='ltr'>serietatem</span> <span class='ocrx_word' id='word_1_105' title='bbox 908 1960 1035 2028; x_wconf 83' lang='lat' dir='ltr'>receptis,</span> <span class='ocrx_word' id='word_1_106' title='bbox 1055 1960 1084 2011; x_wconf 93' lang='lat' dir='ltr'>in</span> <span class='ocrx_word' id='word_1_107' title='bbox 1100 1960 1212 2014; x_wconf 83' lang='lat' dir='ltr'>Sabinos</span> 
     </span>
     <span class='ocr_line' id='line_1_15' title="bbox 133 2030 1214 2103; baseline 0.007 -19"><span class='ocrx_word' id='word_1_108' title='bbox 133 2030 165 2084; x_wconf 84' lang='lat' dir='ltr'>ad</span> <span class='ocrx_word' id='word_1_109' title='bbox 175 2043 296 2102; x_wconf 88' lang='lat' dir='ltr'>tempora</span> <span class='ocrx_word' id='word_1_110' title='bbox 309 2033 423 2102; x_wconf 78' lang='lat' dir='ltr'>Augusti</span> <span class='ocrx_word' id='word_1_111' title='bbox 440 2033 583 2103; x_wconf 89' lang='lat' dir='ltr'>imperium</span> <span class='ocrx_word' id='word_1_112' title='bbox 594 2052 646 2085; x_wconf 90' lang='lat' dir='ltr'>ro·</span> <span class='ocrx_word' id='word_1_113' title='bbox 696 2038 840 2091; x_wconf 76' lang='lat' dir='ltr'>exercitum</span> <span class='ocrx_word' id='word_1_114' title='bbox 855 2036 944 2103; x_wconf 84' lang='lat' dir='ltr'>duxit,</span> <span class='ocrx_word' id='word_1_115' title='bbox 958 2049 1001 2102; x_wconf 89' lang='lat' dir='ltr'>et,</span> <span class='ocrx_word' id='word_1_116' title='bbox 1013 2036 1092 2103; x_wconf 77' lang='lat' dir='ltr'>iude,</span> <span class='ocrx_word' id='word_1_117' title='bbox 1108 2039 1214 2092; x_wconf 82' lang='lat' dir='ltr'>vastatis</span> 
     </span>
     <span class='ocr_line' id='line_1_16' title="bbox 133 2110 1213 2185; baseline 0.006 -22"><span class='ocrx_word' id='word_1_118' title='bbox 133 2110 387 2166; x_wconf 84' lang='lat' dir='ltr'>manumimmeusis</span> <span class='ocrx_word' id='word_1_119' title='bbox 394 2111 512 2166; x_wconf 83' lang='lat' dir='ltr'>auctibus</span> <span class='ocrx_word' id='word_1_120' title='bbox 519 2122 646 2165; x_wconf 78' lang='lat' dir='ltr'>creverat</span> <span class='ocrx_word' id='word_1_121' title='bbox 697 2116 814 2169; x_wconf 85' lang='lat' dir='ltr'>hostiurn</span> <span class='ocrx_word' id='word_1_122' title='bbox 825 2116 891 2185; x_wconf 76' lang='lat' dir='ltr'>agris</span> <span class='ocrx_word' id='word_1_123' title='bbox 900 2155 907 2180; x_wconf 90' lang='lat'>,</span> <span class='ocrx_word' id='word_1_124' title='bbox 916 2115 945 2167; x_wconf 93' lang='lat' dir='ltr'>in</span> <span class='ocrx_word' id='word_1_125' title='bbox 958 2115 1130 2183; x_wconf 88' lang='lat' dir='ltr'>Pometinos,</span> <span class='ocrx_word' id='word_1_126' title='bbox 1144 2136 1213 2185; x_wconf 90' lang='lat' dir='ltr'>quo-</span> 
     </span>
     <span class='ocr_line' id='line_1_17' title="bbox 135 2190 1215 2263; baseline 0.004 -20"><span class='ocrx_word' id='word_1_127' title='bbox 135 2191 279 2261; x_wconf 78' lang='lat' dir='ltr'>Hincsaepe</span> <span class='ocrx_word' id='word_1_128' title='bbox 288 2210 337 2262; x_wconf 86' lang='lat' dir='ltr'>per</span> <span class='ocrx_word' id='word_1_129' title='bbox 345 2190 648 2245; x_wconf 76' lang='lat' dir='ltr'>orbemrerrarumdecta-</span> <span class='ocrx_word' id='word_1_130' title='bbox 697 2210 760 2246; x_wconf 90' lang='lat' dir='ltr'>rum</span> <span class='ocrx_word' id='word_1_131' title='bbox 772 2194 867 2247; x_wconf 87' lang='lat' dir='ltr'>urbem</span> <span class='ocrx_word' id='word_1_132' title='bbox 878 2192 1004 2247; x_wconf 78' lang='lat' dir='ltr'>Suessam</span> <span class='ocrx_word' id='word_1_133' title='bbox 1014 2192 1041 2245; x_wconf 86' lang='lat' dir='ltr'>vi</span> <span class='ocrx_word' id='word_1_134' title='bbox 1050 2194 1215 2263; x_wconf 82' lang='lat' dir='ltr'>cepit,ejus-</span> 
     </span>
     <span class='ocr_line' id='line_1_18' title="bbox 133 2250 1214 2343; baseline 0.006 -22"><span class='ocrx_word' id='word_1_135' title='bbox 133 2250 555 2339; x_wconf 69' lang='lat' dir='ltr'>nestun—Nosterprbtmperio</span> <span class='ocrx_word' id='word_1_136' title='bbox 564 2275 648 2324; x_wconf 83' lang='lat' dir='ltr'>urbem</span> <span class='ocrx_word' id='word_1_137' title='bbox 698 2294 749 2343; x_wconf 89' lang='lat' dir='ltr'>que</span> <span class='ocrx_word' id='word_1_138' title='bbox 765 2274 878 2340; x_wconf 82' lang='lat' dir='ltr'>incolas,</span> <span class='ocrx_word' id='word_1_139' title='bbox 892 2273 1001 2343; x_wconf 85' lang='lat' dir='ltr'>direptis</span> <span class='ocrx_word' id='word_1_140' title='bbox 1014 2274 1103 2339; x_wconf 89' lang='lat' dir='ltr'>bonis,</span> <span class='ocrx_word' id='word_1_141' title='bbox 1118 2275 1214 2343; x_wconf 81' lang='lat' dir='ltr'>partim</span> 
     </span>
     <span class='ocr_line' id='line_1_19' title="bbox 134 2346 1214 2423; baseline 0.01 -26"><span class='ocrx_word' id='word_1_142' title='bbox 134 2346 263 2413; x_wconf 83' lang='lat' dir='ltr'>nominat,</span> <span class='ocrx_word' id='word_1_143' title='bbox 277 2357 307 2399; x_wconf 91' lang='lat' dir='ltr'>ut</span> <span class='ocrx_word' id='word_1_144' title='bbox 315 2347 403 2400; x_wconf 82' lang='lat' dir='ltr'>verbis</span> <span class='ocrx_word' id='word_1_145' title='bbox 411 2350 481 2399; x_wconf 78' lang='lat' dir='ltr'>urbis</span> <span class='ocrx_word' id='word_1_146' title='bbox 489 2356 516 2399; x_wconf 88' lang='lat' dir='ltr'>et</span> <span class='ocrx_word' id='word_1_147' title='bbox 527 2351 596 2399; x_wconf 79' lang='lat' dir='ltr'>orbis</span> <span class='ocrx_word' id='word_1_148' title='bbox 608 2346 649 2400; x_wconf 91' lang='lat' dir='ltr'>lu·</span> <span class='ocrx_word' id='word_1_149' title='bbox 698 2351 846 2417; x_wconf 84' lang='lat' dir='ltr'>interfecit,</span> <span class='ocrx_word' id='word_1_150' title='bbox 858 2352 955 2421; x_wconf 81' lang='lat' dir='ltr'>partim</span> <span class='ocrx_word' id='word_1_151' title='bbox 969 2352 1096 2407; x_wconf 80' lang='lat' dir='ltr'>militibus</span> <span class='ocrx_word' id='word_1_152' title='bbox 1107 2353 1136 2407; x_wconf 90' lang='lat' dir='ltr'>iu</span> <span class='ocrx_word' id='word_1_153' title='bbox 1145 2373 1214 2423; x_wconf 80' lang='lat' dir='ltr'>prae-</span> 
     </span>
     <span class='ocr_line' id='line_1_20' title="bbox 135 2424 1218 2488; baseline 0.008 -12"><span class='ocrx_word' id='word_1_154' title='bbox 135 2424 214 2478; x_wconf 81' lang='lat' dir='ltr'>deret</span> <span class='ocrx_word' id='word_1_155' title='bbox 226 2424 302 2478; x_wconf 84' lang='lat' dir='ltr'>Lusit</span> <span class='ocrx_word' id='word_1_156' title='bbox 313 2424 356 2479; x_wconf 86' lang='lat' dir='ltr'>hic</span> <span class='ocrx_word' id='word_1_157' title='bbox 366 2426 447 2479; x_wconf 81' lang='lat' dir='ltr'>ctiam</span> <span class='ocrx_word' id='word_1_158' title='bbox 461 2424 542 2479; x_wconf 85' lang='lat' dir='ltr'>Rutit.</span> <span class='ocrx_word' id='word_1_159' title='bbox 556 2426 649 2479; x_wconf 80' lang='lat' dir='ltr'>itiner.</span> <span class='ocrx_word' id='word_1_160' title='bbox 698 2431 761 2485; x_wconf 78' lang='lat' dir='ltr'>dam</span> <span class='ocrx_word' id='word_1_161' title='bbox 774 2431 911 2487; x_wconf 73' lang='lat' dir='ltr'>concessit.</span> <span class='ocrx_word' id='word_1_162' title='bbox 921 2432 995 2485; x_wconf 84' lang='lat' dir='ltr'>Turn</span> <span class='ocrx_word' id='word_1_163' title='bbox 1006 2431 1119 2486; x_wconf 67' lang='lat' dir='ltr'>Sabinos</span> <span class='ocrx_word' id='word_1_164' title='bbox 1130 2454 1163 2488; x_wconf 90' lang='lat' dir='ltr'>eo</span> <span class='ocrx_word' id='word_1_165' title='bbox 1172 2455 1218 2486; x_wconf 87' lang='lat' dir='ltr'>re-</span> 
     </span>
     <span class='ocr_line' id='line_1_21' title="bbox 135 2504 1216 2580; baseline 0.006 -24"><span class='ocrx_word' id='word_1_166' title='bbox 135 2504 163 2571; x_wconf 90' lang='lat' dir='ltr'>l,</span> <span class='ocrx_word' id='word_1_167' title='bbox 175 2506 226 2571; x_wconf 75' lang='lat' dir='ltr'>tte,</span> <span class='ocrx_word' id='word_1_168' title='bbox 239 2528 252 2551; x_wconf 79' lang='grc' dir='ltr'>κ</span> <span class='ocrx_word' id='word_1_169' title='bbox 265 2504 370 2559; x_wconf 88' lang='lat' dir='ltr'>Urbem</span> <span class='ocrx_word' id='word_1_170' title='bbox 381 2504 479 2573; x_wconf 81' lang='lat' dir='ltr'>fecisti,</span> <span class='ocrx_word' id='word_1_171' title='bbox 494 2504 566 2575; x_wconf 91' lang='lat' dir='ltr'>quod</span> <span class='ocrx_word' id='word_1_172' title='bbox 576 2507 649 2576; x_wconf 83' lang='lat' dir='ltr'>prius</span> <span class='ocrx_word' id='word_1_173' title='bbox 699 2508 965 2580; x_wconf 75' lang='lat' dir='ltr'>degit,uturbessuas</span> <span class='ocrx_word' id='word_1_174' title='bbox 971 2522 1065 2579; x_wconf 88' lang='lat' dir='ltr'>sponte</span> <span class='ocrx_word' id='word_1_175' title='bbox 1076 2510 1216 2565; x_wconf 78' lang='lat' dir='ltr'>dederent,</span> 
     </span>
     <span class='ocr_line' id='line_1_22' title="bbox 136 2582 1216 2657; baseline 0.008 -23"><span class='ocrx_word' id='word_1_176' title='bbox 136 2582 649 2650; x_wconf 78' lang='lat' dir='ltr'>»orbiserat,»exorbeterrarumunam</span> <span class='ocrx_word' id='word_1_177' title='bbox 699 2586 826 2657; x_wconf 82' lang='lat' dir='ltr'>Denique</span> <span class='ocrx_word' id='word_1_178' title='bbox 837 2587 865 2641; x_wconf 91' lang='lat' dir='ltr'>iu</span> <span class='ocrx_word' id='word_1_179' title='bbox 876 2607 953 2657; x_wconf 77' lang='lat' dir='ltr'>agros</span> <span class='ocrx_word' id='word_1_180' title='bbox 964 2588 1125 2643; x_wconf 85' lang='lat' dir='ltr'>Volscorum</span> <span class='ocrx_word' id='word_1_181' title='bbox 1142 2591 1216 2643; x_wconf 88' lang='lat' dir='ltr'>mul-</span> 
     </span>
     <span class='ocr_line' id='line_1_23' title="bbox 134 2660 1215 2732; baseline 0.006 -19"><span class='ocrx_word' id='word_1_182' title='bbox 134 2660 266 2714; x_wconf 79' lang='lat' dir='ltr'>tivitatem</span> <span class='ocrx_word' id='word_1_183' title='bbox 279 2660 374 2727; x_wconf 83' lang='lat' dir='ltr'>fecisti,</span> <span class='ocrx_word' id='word_1_184' title='bbox 390 2662 515 2717; x_wconf 90' lang='lat' dir='ltr'>omnibus</span> <span class='ocrx_word' id='word_1_185' title='bbox 528 2662 649 2732; x_wconf 79' lang='lat' dir='ltr'>gentibus</span> <span class='ocrx_word' id='word_1_186' title='bbox 700 2676 738 2719; x_wconf 79' lang='lat' dir='ltr'>tas</span> <span class='ocrx_word' id='word_1_187' title='bbox 754 2666 922 2721; x_wconf 76' lang='lat' dir='ltr'>excursiones</span> <span class='ocrx_word' id='word_1_188' title='bbox 935 2664 1005 2719; x_wconf 84' lang='lat' dir='ltr'>tecit.</span> <span class='ocrx_word' id='word_1_189' title='bbox 1017 2666 1084 2720; x_wconf 79' lang='lat' dir='ltr'>Haec</span> <span class='ocrx_word' id='word_1_190' title='bbox 1100 2665 1215 2719; x_wconf 86' lang='lat' dir='ltr'>Ovidius</span> 
     </span>
     <span class='ocr_line' id='line_1_24' title="bbox 134 2740 1217 2813; baseline 0.002 -20"><span class='ocrx_word' id='word_1_191' title='bbox 134 2740 240 2795; x_wconf 82' lang='lat' dir='ltr'>civitatis</span> <span class='ocrx_word' id='word_1_192' title='bbox 251 2740 311 2809; x_wconf 79' lang='lat' dir='ltr'>jure</span> <span class='ocrx_word' id='word_1_193' title='bbox 328 2740 439 2795; x_wconf 80' lang='lat' dir='ltr'>donetis.</span> <span class='ocrx_word' id='word_1_194' title='bbox 699 2744 736 2797; x_wconf 85' lang='lat' dir='ltr'>sic</span> <span class='ocrx_word' id='word_1_195' title='bbox 744 2744 939 2813; x_wconf 80' lang='lat' dir='ltr'>complectitur,</span> <span class='ocrx_word' id='word_1_196' title='bbox 949 2748 1138 2812; x_wconf 74' lang='lat' dir='ltr'>Ceperatalias.</span> <span class='ocrx_word' id='word_1_197' title='bbox 1146 2751 1217 2799; x_wconf 77' lang='lat' dir='ltr'>alias</span> 
     </span>
    </p>

    <p class='ocr_par' dir='ltr' id='par_1_9' title="bbox 135 2817 1220 3288">
     <span class='ocr_line' id='line_1_25' title="bbox 163 2817 1215 2892; baseline 0.01 -25"><span class='ocrx_word' id='word_1_198' title='bbox 163 2817 291 2873; x_wconf 71' lang='lat' dir='ltr'>tto-852.</span> <span class='ocrx_word' id='word_1_199' title='bbox 300 2818 471 2889; x_wconf 66' lang='lat' dir='ltr'>Regifugium.</span> <span class='ocrx_word' id='word_1_200' title='bbox 484 2820 548 2874; x_wconf 92' lang='lat' dir='ltr'>Non</span> <span class='ocrx_word' id='word_1_201' title='bbox 559 2820 651 2889; x_wconf 77' lang='lat' dir='ltr'>proui—</span> <span class='ocrx_word' id='word_1_202' title='bbox 699 2832 821 2885; x_wconf 66' lang='lat' dir='ltr'>evenerat</span> <span class='ocrx_word' id='word_1_203' title='bbox 830 2826 945 2887; x_wconf 57' lang='lat' dir='ltr'>athesin</span> <span class='ocrx_word' id='word_1_204' title='bbox 956 2825 1215 2892; x_wconf 76' lang='lat' dir='ltr'>quibusceerlemur-</span> 
     </span>
     <span class='ocr_line' id='line_1_26' title="bbox 136 2898 1217 2971; baseline 0.003 -22"><span class='ocrx_word' id='word_1_205' title='bbox 136 2898 506 2969; x_wconf 82' lang='lat' dir='ltr'>mamtantumsugaecausam</span> <span class='ocrx_word' id='word_1_206' title='bbox 514 2902 595 2965; x_wconf 82' lang='lat' dir='ltr'>canit,</span> <span class='ocrx_word' id='word_1_207' title='bbox 604 2899 650 2953; x_wconf 85' lang='lat' dir='ltr'>sed</span> <span class='ocrx_word' id='word_1_208' title='bbox 702 2920 765 2971; x_wconf 73' lang='lat' dir='ltr'>gere</span> <span class='ocrx_word' id='word_1_209' title='bbox 777 2901 878 2967; x_wconf 89' lang='lat' dir='ltr'>nolim,</span> <span class='ocrx_word' id='word_1_210' title='bbox 891 2903 1035 2971; x_wconf 71' lang='lat' dir='ltr'>presertim</span> <span class='ocrx_word' id='word_1_211' title='bbox 1049 2921 1142 2971; x_wconf 89' lang='lat' dir='ltr'>quum.-</span> <span class='ocrx_word' id='word_1_212' title='bbox 1154 2902 1180 2956; x_wconf 88' lang='lat' dir='ltr'>b.</span> <span class='ocrx_word' id='word_1_213' title='bbox 1192 2925 1217 2953; x_wconf 78' lang='lat' dir='ltr'>r.</span> 
     </span>
     <span class='ocr_line' id='line_1_27' title="bbox 135 2976 1220 3054; baseline 0.006 -25"><span class='ocrx_word' id='word_1_214' title='bbox 135 2976 220 3045; x_wconf 89' lang='lat' dir='ltr'>plures</span> <span class='ocrx_word' id='word_1_215' title='bbox 229 2978 372 3047; x_wconf 82' lang='lat' dir='ltr'>Tarquinii</span> <span class='ocrx_word' id='word_1_216' title='bbox 384 2996 434 3033; x_wconf 87' lang='lat' dir='ltr'>res.</span> <span class='ocrx_word' id='word_1_217' title='bbox 447 2979 501 3033; x_wconf 88' lang='lat' dir='ltr'>Hic</span> <span class='ocrx_word' id='word_1_218' title='bbox 514 2980 563 3033; x_wconf 91' lang='lat' dir='ltr'>loc.</span> <span class='ocrx_word' id='word_1_219' title='bbox 579 2997 652 3031; x_wconf 89' lang='lat' dir='ltr'>non·</span> <span class='ocrx_word' id='word_1_220' title='bbox 702 2992 731 3035; x_wconf 91' lang='lat' dir='ltr'>ut</span> <span class='ocrx_word' id='word_1_221' title='bbox 741 3000 857 3049; x_wconf 64' lang='lat' dir='ltr'>grecum</span> <span class='ocrx_word' id='word_1_222' title='bbox 865 2986 1073 3054; x_wconf 49' lang='grc' dir='ltr'>καταστρέφεσθαι,</span> <span class='ocrx_word' id='word_1_223' title='bbox 1086 2982 1166 3035; x_wconf 81' lang='lat' dir='ltr'>etiam</span> <span class='ocrx_word' id='word_1_224' title='bbox 1180 2983 1220 3035; x_wconf 78' lang='lat' dir='ltr'>ln-</span> 
     </span>
     <span class='ocr_line' id='line_1_28' title="bbox 137 3055 1220 3131; baseline 0.008 -25"><span class='ocrx_word' id='word_1_225' title='bbox 137 3055 218 3109; x_wconf 83' lang='lat' dir='ltr'>nullas</span> <span class='ocrx_word' id='word_1_226' title='bbox 231 3056 406 3125; x_wconf 83' lang='lat' dir='ltr'>parteshabet</span> <span class='ocrx_word' id='word_1_227' title='bbox 418 3058 486 3109; x_wconf 89' lang='lat' dir='ltr'>bene</span> <span class='ocrx_word' id='word_1_228' title='bbox 497 3057 651 3115; x_wconf 84' lang='lat' dir='ltr'>elaboratas.</span> <span class='ocrx_word' id='word_1_229' title='bbox 702 3058 771 3113; x_wconf 84' lang='lat' dir='ltr'>tiore</span> <span class='ocrx_word' id='word_1_230' title='bbox 778 3076 857 3113; x_wconf 82' lang='lat' dir='ltr'>sensu</span> <span class='ocrx_word' id='word_1_231' title='bbox 866 3057 976 3113; x_wconf 73' lang='lat' dir='ltr'>edentur.</span> <span class='ocrx_word' id='word_1_232' title='bbox 984 3058 1059 3113; x_wconf 88' lang='lat' dir='ltr'>MSS</span> <span class='ocrx_word' id='word_1_233' title='bbox 1069 3060 1153 3131; x_wconf 78' lang='lat' dir='ltr'>Naug.</span> <span class='ocrx_word' id='word_1_234' title='bbox 1167 3062 1220 3114; x_wconf 87' lang='lat' dir='ltr'>Er·</span> 
     </span>
     <span class='ocr_line' id='line_1_29' title="bbox 136 3136 1217 3208; baseline 0.004 -21"><span class='ocrx_word' id='word_1_235' title='bbox 136 3136 268 3197; x_wconf 58' lang='lat' dir='ltr'>-alestus,</span> <span class='ocrx_word' id='word_1_236' title='bbox 276 3138 379 3205; x_wconf 63' lang='lat' dir='ltr'>ergoet</span> <span class='ocrx_word' id='word_1_237' title='bbox 387 3137 546 3191; x_wconf 72' lang='lat' dir='ltr'>retnttnus</span> <span class='ocrx_word' id='word_1_238' title='bbox 553 3137 652 3191; x_wconf 89' lang='lat' dir='ltr'>Hamb.</span> <span class='ocrx_word' id='word_1_239' title='bbox 700 3136 771 3191; x_wconf 79' lang='lat' dir='ltr'>sord.</span> <span class='ocrx_word' id='word_1_240' title='bbox 787 3146 816 3189; x_wconf 85' lang='lat' dir='ltr'>et</span> <span class='ocrx_word' id='word_1_241' title='bbox 826 3154 896 3191; x_wconf 86' lang='lat' dir='ltr'>unus</span> <span class='ocrx_word' id='word_1_242' title='bbox 909 3136 994 3191; x_wconf 85' lang='lat' dir='ltr'>Vatic.</span> <span class='ocrx_word' id='word_1_243' title='bbox 1004 3144 1137 3199; x_wconf 70' lang='lat' dir='ltr'>averterat,</span> <span class='ocrx_word' id='word_1_244' title='bbox 1145 3141 1217 3208; x_wconf 89' lang='lat' dir='ltr'>quod</span> 
     </span>
     <span class='ocr_line' id='line_1_30' title="bbox 136 3214 1217 3288; baseline 0.004 -21"><span class='ocrx_word' id='word_1_245' title='bbox 136 3220 264 3282; x_wconf 66' lang='lat' dir='ltr'>reptemus.</span> <span class='ocrx_word' id='word_1_246' title='bbox 279 3216 318 3269; x_wconf 84' lang='lat' dir='ltr'>Er</span> <span class='ocrx_word' id='word_1_247' title='bbox 328 3215 442 3269; x_wconf 82' lang='lat' dir='ltr'>Kalend.</span> <span class='ocrx_word' id='word_1_248' title='bbox 453 3236 565 3271; x_wconf 73' lang='lat' dir='ltr'>romano</span> <span class='ocrx_word' id='word_1_249' title='bbox 574 3217 601 3269; x_wconf 90' lang='lat' dir='ltr'>iu</span> <span class='ocrx_word' id='word_1_250' title='bbox 611 3216 653 3270; x_wconf 87' lang='lat' dir='ltr'>ed.</span> <span class='ocrx_word' id='word_1_251' title='bbox 703 3215 832 3269; x_wconf 86' lang='lat' dir='ltr'>Heinsius</span> <span class='ocrx_word' id='word_1_252' title='bbox 839 3214 983 3281; x_wconf 75' lang='lat' dir='ltr'>relterari,</span> <span class='ocrx_word' id='word_1_253' title='bbox 992 3214 1066 3269; x_wconf 79' lang='lat' dir='ltr'>furto</span> <span class='ocrx_word' id='word_1_254' title='bbox 1073 3236 1217 3288; x_wconf 80' lang='lat' dir='ltr'>occupare,</span> 
     </span>
    </p>
   </div>
   <div class='ocr_carea' id='block_1_9' title="bbox 138 3294 1326 3367">
    <p class='ocr_par' dir='ltr' id='par_1_10' title="bbox 138 3294 1326 3367">
     <span class='ocr_line' id='line_1_31' title="bbox 138 3294 1326 3367; baseline 0.005 -20"><span class='ocrx_word' id='word_1_255' title='bbox 138 3294 514 3351; x_wconf 80' lang='lat' dir='ltr'>Mitscberl.VlllKalendas</span> <span class='ocrx_word' id='word_1_256' title='bbox 525 3296 653 3361; x_wconf 62' lang='lat' dir='ltr'>Martinus</span> <span class='ocrx_word' id='word_1_257' title='bbox 702 3296 745 3348; x_wconf 85' lang='lat' dir='ltr'>vel</span> <span class='ocrx_word' id='word_1_258' title='bbox 754 3314 856 3349; x_wconf 82' lang='lat' dir='ltr'>aversas</span> <span class='ocrx_word' id='word_1_259' title='bbox 867 3296 915 3349; x_wconf 89' lang='lat' dir='ltr'>sibi</span> <span class='ocrx_word' id='word_1_260' title='bbox 927 3295 1039 3350; x_wconf 87' lang='lat' dir='ltr'>reddere</span> <span class='ocrx_word' id='word_1_261' title='bbox 1052 3298 1219 3367; x_wconf 77' lang='lat' dir='ltr'>interpreta-</span> <span class='ocrx_word' id='word_1_262' title='bbox 1323 3352 1326 3357; x_wconf 79' lang='grc'>,</span> 
     </span>
    </p>
   </div>
   <div class='ocr_carea' id='block_1_10' title="bbox 138 3374 1224 4308">
    <p class='ocr_par' dir='ltr' id='par_1_11' title="bbox 138 3374 1224 4308">
     <span class='ocr_line' id='line_1_32' title="bbox 138 3374 1144 3446; baseline 0.001 -19"><span class='ocrx_word' id='word_1_263' title='bbox 138 3374 296 3428; x_wconf 80' lang='lat' dir='ltr'>Petasiusiu</span> <span class='ocrx_word' id='word_1_264' title='bbox 305 3374 464 3429; x_wconf 84' lang='lat' dir='ltr'>Dissertt.ad</span> <span class='ocrx_word' id='word_1_265' title='bbox 474 3374 528 3445; x_wconf 88' lang='lat' dir='ltr'>Op.</span> <span class='ocrx_word' id='word_1_266' title='bbox 536 3375 569 3428; x_wconf 86' lang='lat' dir='ltr'>de</span> <span class='ocrx_word' id='word_1_267' title='bbox 579 3374 655 3429; x_wconf 89' lang='lat' dir='ltr'>Doc·</span> <span class='ocrx_word' id='word_1_268' title='bbox 703 3376 790 3429; x_wconf 88' lang='lat' dir='ltr'>batur.</span> <span class='ocrx_word' id='word_1_269' title='bbox 798 3404 833 3417; x_wconf 88' lang='lat'>-··</span> <span class='ocrx_word' id='word_1_270' title='bbox 846 3376 938 3446; x_wconf 75' lang='lat' dir='ltr'>Regii,</span> <span class='ocrx_word' id='word_1_271' title='bbox 951 3386 1079 3430; x_wconf 72' lang='lat' dir='ltr'>everterat.</span> <span class='ocrx_word' id='word_1_272' title='bbox 1093 3378 1144 3430; x_wconf 88' lang='lat' dir='ltr'>Ed.</span> 
     </span>
     <span class='ocr_line' id='line_1_33' title="bbox 139 3454 1218 3528; baseline 0.004 -23"><span class='ocrx_word' id='word_1_273' title='bbox 139 3454 434 3524; x_wconf 85' lang='lat' dir='ltr'>trinaTemporum,V,</span> <span class='ocrx_word' id='word_1_274' title='bbox 444 3476 470 3528; x_wconf 78' lang='lat' dir='ltr'>q,</span> <span class='ocrx_word' id='word_1_275' title='bbox 479 3455 618 3511; x_wconf 87' lang='lat' dir='ltr'>contendit</span> <span class='ocrx_word' id='word_1_276' title='bbox 627 3456 655 3511; x_wconf 88' lang='lat' dir='ltr'>il·</span> <span class='ocrx_word' id='word_1_277' title='bbox 736 3456 796 3526; x_wconf 73' lang='lat'>590.</span> <span class='ocrx_word' id='word_1_278' title='bbox 809 3457 902 3516; x_wconf 67' lang='lat' dir='ltr'>Gabai,</span> <span class='ocrx_word' id='word_1_279' title='bbox 916 3455 978 3508; x_wconf 89' lang='lat' dir='ltr'>urbs</span> <span class='ocrx_word' id='word_1_280' title='bbox 990 3455 1078 3508; x_wconf 87' lang='lat' dir='ltr'>Latini</span> <span class='ocrx_word' id='word_1_281' title='bbox 1089 3456 1218 3520; x_wconf 74' lang='lat' dir='ltr'>nominis,</span> 
     </span>
     <span class='ocr_line' id='line_1_34' title="bbox 139 3532 1218 3603; baseline 0.002 -20"><span class='ocrx_word' id='word_1_282' title='bbox 139 3532 654 3603; x_wconf 74' lang='lat' dir='ltr'>lamsugamincidisseiuqur&#39;ntumdiem.</span> <span class='ocrx_word' id='word_1_283' title='bbox 706 3532 1218 3599; x_wconf 79' lang='lat' dir='ltr'>Albanorumcolonia‚aburbeceutum</span> 
     </span>
     <span class='ocr_line' id='line_1_35' title="bbox 140 3608 1218 3680; baseline -0.001 -17"><span class='ocrx_word' id='word_1_284' title='bbox 140 3610 227 3679; x_wconf 76' lang='lat' dir='ltr'>Atque</span> <span class='ocrx_word' id='word_1_285' title='bbox 240 3611 275 3663; x_wconf 88' lang='lat' dir='ltr'>ita</span> <span class='ocrx_word' id='word_1_286' title='bbox 289 3630 320 3663; x_wconf 80' lang='lat' dir='ltr'>ex</span> <span class='ocrx_word' id='word_1_287' title='bbox 330 3612 512 3680; x_wconf 87' lang='lat' dir='ltr'>antiquissimo</span> <span class='ocrx_word' id='word_1_288' title='bbox 524 3612 591 3665; x_wconf 91' lang='lat' dir='ltr'>libro</span> <span class='ocrx_word' id='word_1_289' title='bbox 606 3630 655 3665; x_wconf 85' lang='lat' dir='ltr'>suo</span> <span class='ocrx_word' id='word_1_290' title='bbox 703 3609 786 3663; x_wconf 85' lang='lat' dir='ltr'>stadia</span> <span class='ocrx_word' id='word_1_291' title='bbox 794 3609 903 3676; x_wconf 82' lang='lat' dir='ltr'>distans,</span> <span class='ocrx_word' id='word_1_292' title='bbox 916 3613 950 3665; x_wconf 86' lang='lat' dir='ltr'>de</span> <span class='ocrx_word' id='word_1_293' title='bbox 960 3612 1035 3678; x_wconf 77' lang='lat' dir='ltr'>cujus</span> <span class='ocrx_word' id='word_1_294' title='bbox 1044 3608 1218 3680; x_wconf 77' lang='lat' dir='ltr'>amplitudine</span> 
     </span>
     <span class='ocr_line' id='line_1_36' title="bbox 140 3686 1219 3759; baseline -0.001 -20"><span class='ocrx_word' id='word_1_295' title='bbox 140 3686 248 3757; x_wconf 86' lang='lat' dir='ltr'>Neapol.</span> <span class='ocrx_word' id='word_1_296' title='bbox 258 3687 389 3741; x_wconf 76' lang='lat' dir='ltr'>edidit-</span> <span class='ocrx_word' id='word_1_297' title='bbox 398 3690 438 3741; x_wconf 90' lang='lat' dir='ltr'>Ne</span> <span class='ocrx_word' id='word_1_298' title='bbox 451 3692 485 3741; x_wconf 84' lang='lat' dir='ltr'>ab</span> <span class='ocrx_word' id='word_1_299' title='bbox 496 3689 524 3741; x_wconf 91' lang='lat' dir='ltr'>iu</span> <span class='ocrx_word' id='word_1_300' title='bbox 537 3686 587 3741; x_wconf 90' lang='lat' dir='ltr'>boc</span> <span class='ocrx_word' id='word_1_301' title='bbox 601 3687 656 3739; x_wconf 89' lang='lat' dir='ltr'>dis·</span> <span class='ocrx_word' id='word_1_302' title='bbox 704 3686 817 3759; x_wconf 86' lang='lat' dir='ltr'>Diouys.</span> <span class='ocrx_word' id='word_1_303' title='bbox 826 3688 867 3741; x_wconf 83' lang='lat' dir='ltr'>IV</span> <span class='ocrx_word' id='word_1_304' title='bbox 876 3728 883 3753; x_wconf 93' lang='lat'>,</span> <span class='ocrx_word' id='word_1_305' title='bbox 896 3688 1025 3752; x_wconf 59' lang='lat' dir='ltr'>usnam,</span> <span class='ocrx_word' id='word_1_306' title='bbox 1038 3688 1219 3755; x_wconf 81' lang='lat' dir='ltr'>nequidquam</span> 
     </span>
     <span class='ocr_line' id='line_1_37' title="bbox 140 3764 1219 3835; baseline 0 -17"><span class='ocrx_word' id='word_1_307' title='bbox 140 3768 209 3821; x_wconf 84' lang='lat' dir='ltr'>ticho</span> <span class='ocrx_word' id='word_1_308' title='bbox 219 3768 259 3822; x_wconf 91' lang='lat' dir='ltr'>bis</span> <span class='ocrx_word' id='word_1_309' title='bbox 275 3780 410 3835; x_wconf 79' lang='lat' dir='ltr'>occurrat,</span> <span class='ocrx_word' id='word_1_310' title='bbox 423 3769 551 3823; x_wconf 78' lang='lat' dir='ltr'>Heinsius</span> <span class='ocrx_word' id='word_1_311' title='bbox 562 3767 656 3823; x_wconf 82' lang='lat' dir='ltr'>suadet</span> <span class='ocrx_word' id='word_1_312' title='bbox 704 3765 729 3817; x_wconf 81' lang='lat' dir='ltr'>ri</span> <span class='ocrx_word' id='word_1_313' title='bbox 743 3764 860 3830; x_wconf 89' lang='lat' dir='ltr'>adortus,</span> <span class='ocrx_word' id='word_1_314' title='bbox 870 3785 953 3834; x_wconf 91' lang='lat' dir='ltr'>quum</span> <span class='ocrx_word' id='word_1_315' title='bbox 962 3765 1098 3818; x_wconf 84' lang='lat' dir='ltr'>obsidendi</span> <span class='ocrx_word' id='word_1_316' title='bbox 1111 3785 1219 3834; x_wconf 88' lang='lat' dir='ltr'>quoque</span> 
     </span>
     <span class='ocr_line' id='line_1_38' title="bbox 140 3844 1222 3915; baseline 0 -18"><span class='ocrx_word' id='word_1_317' title='bbox 140 3851 166 3897; x_wconf 80' lang='lat' dir='ltr'>e&#39;n</span> <span class='ocrx_word' id='word_1_318' title='bbox 175 3856 294 3901; x_wconf 74' lang='lat' dir='ltr'>extremo.</span> <span class='ocrx_word' id='word_1_319' title='bbox 704 3864 763 3915; x_wconf 86' lang='lat' dir='ltr'>spes</span> <span class='ocrx_word' id='word_1_320' title='bbox 775 3844 880 3897; x_wconf 84' lang='lat' dir='ltr'>ademta</span> <span class='ocrx_word' id='word_1_321' title='bbox 890 3856 958 3898; x_wconf 86' lang='lat' dir='ltr'>essct</span> <span class='ocrx_word' id='word_1_322' title='bbox 970 3854 1126 3911; x_wconf 72' lang='lat' dir='ltr'>«postremo</span> <span class='ocrx_word' id='word_1_323' title='bbox 1140 3845 1222 3897; x_wconf 86' lang='lat' dir='ltr'>mini-</span> 
     </span>
     <span class='ocr_line' id='line_1_39' title="bbox 172 3922 1218 3995; baseline -0.004 -16"><span class='ocrx_word' id='word_1_324' title='bbox 172 3926 229 3995; x_wconf 78' lang='lat'>587.</span> <span class='ocrx_word' id='word_1_325' title='bbox 245 3924 423 3993; x_wconf 75' lang='lat' dir='ltr'>Tarquinium</span> <span class='ocrx_word' id='word_1_326' title='bbox 437 3923 550 3979; x_wconf 84' lang='lat' dir='ltr'>Ovidius</span> <span class='ocrx_word' id='word_1_327' title='bbox 564 3935 654 3990; x_wconf 87' lang='lat' dir='ltr'>notat,</span> <span class='ocrx_word' id='word_1_328' title='bbox 708 3945 720 3969; x_wconf 76' lang='grc' dir='ltr'><strong>υ</strong></span> <span class='ocrx_word' id='word_1_329' title='bbox 734 3941 777 3975; x_wconf 86' lang='lat' dir='ltr'>rue</span> <span class='ocrx_word' id='word_1_330' title='bbox 790 3933 845 3975; x_wconf 88' lang='lat' dir='ltr'>arte</span> <span class='ocrx_word' id='word_1_331' title='bbox 857 3941 980 3988; x_wconf 87' lang='lat' dir='ltr'>romana,</span> <span class='ocrx_word' id='word_1_332' title='bbox 995 3922 1087 3975; x_wconf 83' lang='lat' dir='ltr'>fraude</span> <span class='ocrx_word' id='word_1_333' title='bbox 1100 3942 1129 3976; x_wconf 85' lang='lat' dir='ltr'>ac</span> <span class='ocrx_word' id='word_1_334' title='bbox 1147 3922 1218 3988; x_wconf 91' lang='lat' dir='ltr'>dolo,</span> 
     </span>
     <span class='ocr_line' id='line_1_40' title="bbox 142 4001 1221 4070; baseline 0.001 -16"><span class='ocrx_word' id='word_1_335' title='bbox 142 4013 172 4055; x_wconf 91' lang='lat' dir='ltr'>nt</span> <span class='ocrx_word' id='word_1_336' title='bbox 181 4003 237 4056; x_wconf 85' lang='lat' dir='ltr'>Liv.</span> <span class='ocrx_word' id='word_1_337' title='bbox 249 4005 277 4070; x_wconf 83' lang='lat' dir='ltr'>l,</span> <span class='ocrx_word' id='word_1_338' title='bbox 290 4006 339 4057; x_wconf 89' lang='lat'>53:</span> <span class='ocrx_word' id='word_1_339' title='bbox 354 4026 367 4048; x_wconf 85' lang='lat'>«</span> <span class='ocrx_word' id='word_1_340' title='bbox 379 4005 449 4069; x_wconf 85' lang='lat' dir='ltr'>Nec,</span> <span class='ocrx_word' id='word_1_341' title='bbox 464 4013 494 4055; x_wconf 91' lang='lat' dir='ltr'>ut</span> <span class='ocrx_word' id='word_1_342' title='bbox 505 4002 618 4070; x_wconf 80' lang='lat' dir='ltr'>injustus</span> <span class='ocrx_word' id='word_1_343' title='bbox 628 4004 655 4057; x_wconf 90' lang='lat' dir='ltr'>in</span> <span class='ocrx_word' id='word_1_344' title='bbox 707 4023 721 4047; x_wconf 77' lang='grc' dir='ltr'><em>ν</em></span> <span class='ocrx_word' id='word_1_345' title='bbox 734 4018 868 4069; x_wconf 78' lang='lat' dir='ltr'>aggressus</span> <span class='ocrx_word' id='word_1_346' title='bbox 881 4011 927 4053; x_wconf 88' lang='lat' dir='ltr'>est.</span> <span class='ocrx_word' id='word_1_347' title='bbox 941 4023 954 4046; x_wconf 71' lang='lat' dir='ltr'>o</span> <span class='ocrx_word' id='word_1_348' title='bbox 963 4001 1019 4053; x_wconf 81' lang='lat' dir='ltr'>Lir.</span> <span class='ocrx_word' id='word_1_349' title='bbox 1028 4001 1055 4067; x_wconf 90' lang='lat' dir='ltr'>l,</span> <span class='ocrx_word' id='word_1_350' title='bbox 1067 4002 1108 4055; x_wconf 79' lang='lat'>53.</span> <span class='ocrx_word' id='word_1_351' title='bbox 1117 4030 1151 4043; x_wconf 89' lang='lat'><em>-</em></span> <span class='ocrx_word' id='word_1_352' title='bbox 1164 4003 1221 4055; x_wconf 65' lang='lat' dir='ltr'>Mr-</span> 
     </span>
     <span class='ocr_line' id='line_1_41' title="bbox 145 4080 1223 4153; baseline 0.003 -20"><span class='ocrx_word' id='word_1_353' title='bbox 145 4102 157 4125; x_wconf 76' lang='lat'><strong>»</strong></span> <span class='ocrx_word' id='word_1_354' title='bbox 170 4100 231 4151; x_wconf 85' lang='lat' dir='ltr'>pace</span> <span class='ocrx_word' id='word_1_355' title='bbox 239 4082 336 4147; x_wconf 81' lang='lat' dir='ltr'>rex,ita</span> <span class='ocrx_word' id='word_1_356' title='bbox 346 4080 398 4133; x_wconf 79' lang='lat' dir='ltr'>dur</span> <span class='ocrx_word' id='word_1_357' title='bbox 406 4080 467 4134; x_wconf 88' lang='lat' dir='ltr'>belli</span> <span class='ocrx_word' id='word_1_358' title='bbox 476 4081 634 4150; x_wconf 81' lang='lat' dir='ltr'>pravusluit.</span> <span class='ocrx_word' id='word_1_359' title='bbox 643 4104 656 4129; x_wconf 80' lang='lat' dir='ltr'>o</span> <span class='ocrx_word' id='word_1_360' title='bbox 705 4085 804 4142; x_wconf 77' lang='lat' dir='ltr'>nemus,</span> <span class='ocrx_word' id='word_1_361' title='bbox 817 4080 912 4133; x_wconf 84' lang='lat' dir='ltr'>Sextus</span> <span class='ocrx_word' id='word_1_362' title='bbox 920 4080 1000 4149; x_wconf 78' lang='lat' dir='ltr'>Terq.</span> <span class='ocrx_word' id='word_1_363' title='bbox 1011 4081 1124 4153; x_wconf 73' lang='lat' dir='ltr'>Dionys</span> <span class='ocrx_word' id='word_1_364' title='bbox 1134 4083 1223 4136; x_wconf 78' lang='lat' dir='ltr'>maxi-</span> 
     </span>
     <span class='ocr_line' id='line_1_42' title="bbox 143 4160 1224 4227; baseline -0.002 -13"><span class='ocrx_word' id='word_1_365' title='bbox 143 4188 174 4203; x_wconf 91' lang='lat'><em>-</em></span> <span class='ocrx_word' id='word_1_366' title='bbox 181 4162 232 4215; x_wconf 84' lang='lat' dir='ltr'>Pro</span> <span class='ocrx_word' id='word_1_367' title='bbox 242 4166 281 4213; x_wconf 88' lang='lat' dir='ltr'>ad</span> <span class='ocrx_word' id='word_1_368' title='bbox 285 4182 358 4215; x_wconf 85' lang='lat' dir='ltr'>arma</span> <span class='ocrx_word' id='word_1_369' title='bbox 366 4161 492 4214; x_wconf 82' lang='lat' dir='ltr'>Heinsius</span> <span class='ocrx_word' id='word_1_370' title='bbox 504 4160 619 4213; x_wconf 87' lang='lat' dir='ltr'>malebat</span> <span class='ocrx_word' id='word_1_371' title='bbox 630 4164 657 4213; x_wconf 83' lang='lat' dir='ltr'>in</span> <span class='ocrx_word' id='word_1_372' title='bbox 706 4177 783 4211; x_wconf 90' lang='lat' dir='ltr'>mum</span> <span class='ocrx_word' id='word_1_373' title='bbox 793 4161 1150 4227; x_wconf 75' lang='lat' dir='ltr'>vocat—Ptolemamscsta,</span> <span class='ocrx_word' id='word_1_374' title='bbox 1161 4180 1224 4213; x_wconf 90' lang='lat' dir='ltr'>mo-</span> 
     </span>
     <span class='ocr_line' id='line_1_43' title="bbox 142 4236 1222 4308; baseline 0.002 -17"><span class='ocrx_word' id='word_1_375' title='bbox 142 4259 220 4291; x_wconf 77' lang='lat' dir='ltr'>erma.</span> <span class='ocrx_word' id='word_1_376' title='bbox 233 4240 298 4293; x_wconf 88' lang='lat' dir='ltr'>Sine</span> <span class='ocrx_word' id='word_1_377' title='bbox 312 4258 396 4293; x_wconf 78' lang='lat' dir='ltr'>causa.</span> <span class='ocrx_word' id='word_1_378' title='bbox 409 4239 474 4295; x_wconf 87' lang='lat' dir='ltr'>Post</span> <span class='ocrx_word' id='word_1_379' title='bbox 485 4238 662 4308; x_wconf 72' lang='lat' dir='ltr'>adjectivum!</span> <span class='ocrx_word' id='word_1_380' title='bbox 706 4236 780 4291; x_wconf 86' lang='lat' dir='ltr'>ribus</span> <span class='ocrx_word' id='word_1_381' title='bbox 790 4237 870 4307; x_wconf 80' lang='lat' dir='ltr'>patris</span> <span class='ocrx_word' id='word_1_382' title='bbox 881 4236 1082 4295; x_wconf 87' lang='lat' dir='ltr'>similitudinem</span> <span class='ocrx_word' id='word_1_383' title='bbox 1096 4237 1222 4294; x_wconf 78' lang='lat' dir='ltr'>reserens</span> 
     </span>
    </p>
   </div>
   <div class='ocr_carea' id='block_1_11' title="bbox 248 4384 273 4439">
    <p class='ocr_par' dir='ltr' id='par_1_12' title="bbox 248 4384 273 4439">
     <span class='ocr_line' id='line_1_44' title="bbox 248 4384 273 4439; baseline 0 0"><span class='ocrx_word' id='word_1_384' title='bbox 248 4384 273 4439; x_wconf 60' lang='grc' dir='ltr'>ἱ</span> 
     </span>
    </p>
   </div>
   <div class='ocr_carea' id='block_1_12' title="bbox 0 0 1539 5009">
    <p class='ocr_par' dir='ltr' id='par_1_13' title="bbox 0 0 1539 5009">
     <span class='ocr_line' id='line_1_45' title="bbox 0 0 1539 5009; baseline 0 0"><span class='ocrx_word' id='word_1_385' title='bbox 0 0 1539 5009; x_wconf 95' lang='lat' dir='ltr'> </span> 
     </span>
    </p>
   </div>
  </div>
 </body>
</html>
