<?xml version="1.0" encoding="UTF-8"?>
<!DOCTYPE html PUBLIC "-//W3C//DTD XHTML 1.0 Transitional//EN"
    "http://www.w3.org/TR/xhtml1/DTD/xhtml1-transitional.dtd">
<html xmlns="http://www.w3.org/1999/xhtml" xml:lang="en" lang="en">
 <head>
  <title>
</title>
<meta http-equiv="Content-Type" content="text/html;charset=utf-8" />
  <meta name='ocr-system' content='tesseract 3.04.00' />
  <meta name='ocr-capabilities' content='ocr_page ocr_carea ocr_par ocr_line ocrx_word'/>
</head>
<body>
  <div class='ocr_page' id='page_1' title='image "./publiiovidiinas00unkngoog_0483.png"; bbox 0 0 3025 5009; ppageno 0'>
   <div class='ocr_carea' id='block_1_1' title="bbox 267 416 1195 709">
    <p class='ocr_par' dir='ltr' id='par_1_1' title="bbox 267 416 1195 709">
     <span class='ocr_line' id='line_1_1' title="bbox 267 416 949 559; baseline -0.001 -28"><span class='ocrx_word' id='word_1_1' title='bbox 267 465 333 559; x_wconf 73' lang='lat'><strong>47⁰</strong></span> <span class='ocrx_word' id='word_1_2' title='bbox 659 416 949 532; x_wconf 77' lang='lat' dir='ltr'><strong>exconsus</strong></span> 
     </span>
     <span class='ocr_line' id='line_1_2' title="bbox 315 604 1195 709; baseline -0.003 -26"><span class='ocrx_word' id='word_1_3' title='bbox 315 611 349 698; x_wconf 86' lang='lat' dir='ltr'><strong>l,</strong></span> <span class='ocrx_word' id='word_1_4' title='bbox 367 604 438 708; x_wconf 79' lang='grc'><strong>637</strong></span> <span class='ocrx_word' id='word_1_5' title='bbox 458 636 545 709; x_wconf 88' lang='lat' dir='ltr'><strong>sqq,</strong></span> <span class='ocrx_word' id='word_1_6' title='bbox 562 607 604 680; x_wconf 86' lang='lat' dir='ltr'><strong>de</strong></span> <span class='ocrx_word' id='word_1_7' title='bbox 621 606 819 682; x_wconf 73' lang='lat' dir='ltr'><strong>Concordia</strong></span> <span class='ocrx_word' id='word_1_8' title='bbox 834 606 904 682; x_wconf 81' lang='lat' dir='ltr'><strong>aede</strong></span> <span class='ocrx_word' id='word_1_9' title='bbox 922 605 1067 680; x_wconf 83' lang='lat' dir='ltr'><strong>Ovidius</strong></span> <span class='ocrx_word' id='word_1_10' title='bbox 1081 606 1195 681; x_wconf 83' lang='lat' dir='ltr'><strong>canit:</strong></span> 
     </span>
    </p>
   </div>
   <div class='ocr_carea' id='block_1_2' title="bbox 266 774 1351 1482">
    <p class='ocr_par' dir='ltr' id='par_1_2' title="bbox 266 774 1351 1482">
     <span class='ocr_line' id='line_1_3' title="bbox 275 774 1075 847; baseline -0.001 -15"><span class='ocrx_word' id='word_1_11' title='bbox 275 825 277 832; x_wconf 79' lang='grc'>,</span> <span class='ocrx_word' id='word_1_12' title='bbox 403 774 490 831; x_wconf 84' lang='lat' dir='ltr'><strong>Causa</strong></span> <span class='ocrx_word' id='word_1_13' title='bbox 505 795 597 832; x_wconf 84' lang='lat' dir='ltr'><strong>recens</strong></span> <span class='ocrx_word' id='word_1_14' title='bbox 610 777 821 847; x_wconf 77' lang='lat' dir='ltr'><strong>melior2passos</strong></span> <span class='ocrx_word' id='word_1_15' title='bbox 831 777 978 842; x_wconf 81' lang='lat' dir='ltr'><strong>Germania</strong></span> <span class='ocrx_word' id='word_1_16' title='bbox 988 777 1075 833; x_wconf 84' lang='lat' dir='ltr'><strong>crines</strong></span> 
     </span>
     <span class='ocr_line' id='line_1_4' title="bbox 450 865 1030 938; baseline 0 -16"><span class='ocrx_word' id='word_1_17' title='bbox 450 867 568 938; x_wconf 72' lang='lat' dir='ltr'><strong>Pon-igit</strong></span> <span class='ocrx_word' id='word_1_18' title='bbox 578 867 713 936; x_wconf 76' lang='lat' dir='ltr'><strong>auspiciis,</strong></span> <span class='ocrx_word' id='word_1_19' title='bbox 725 865 779 922; x_wconf 82' lang='lat' dir='ltr'><strong>dux</strong></span> <span class='ocrx_word' id='word_1_20' title='bbox 790 867 959 934; x_wconf 79' lang='lat' dir='ltr'><strong>venerande,</strong></span> <span class='ocrx_word' id='word_1_21' title='bbox 971 867 1030 922; x_wconf 73' lang='lat' dir='ltr'><strong>tuis</strong></span> 
     </span>
     <span class='ocr_line' id='line_1_5' title="bbox 318 1007 1349 1112; baseline 0 -29"><span class='ocrx_word' id='word_1_22' title='bbox 318 1011 369 1084; x_wconf 88' lang='lat' dir='ltr'><strong>De</strong></span> <span class='ocrx_word' id='word_1_23' title='bbox 386 1037 475 1083; x_wconf 90' lang='lat' dir='ltr'><strong>anno</strong></span> <span class='ocrx_word' id='word_1_24' title='bbox 495 1007 661 1112; x_wconf 88' lang='lat' dir='ltr'><strong>disputari</strong></span> <span class='ocrx_word' id='word_1_25' title='bbox 676 1035 878 1109; x_wconf 78' lang='lat' dir='ltr'>magnopere</span> <span class='ocrx_word' id='word_1_26' title='bbox 895 1025 1040 1111; x_wconf 85' lang='lat' dir='ltr'><strong>poterat.</strong></span> <span class='ocrx_word' id='word_1_27' title='bbox 1059 1009 1243 1084; x_wconf 80' lang='lat' dir='ltr'><strong>Suetonius</strong></span> <span class='ocrx_word' id='word_1_28' title='bbox 1260 1009 1349 1084; x_wconf 88' lang='lat' dir='ltr'><strong>enim</strong></span> 
     </span>
     <span class='ocr_line' id='line_1_6' title="bbox 266 1130 1349 1236; baseline 0 -28"><span class='ocrx_word' id='word_1_29' title='bbox 266 1135 381 1208; x_wconf 88' lang='lat' dir='ltr'><strong>Tiber.</strong></span> <span class='ocrx_word' id='word_1_30' title='bbox 398 1161 470 1236; x_wconf 84' lang='lat' dir='ltr'><strong>cap.</strong></span> <span class='ocrx_word' id='word_1_31' title='bbox 491 1159 556 1222; x_wconf 85' lang='lat'><strong>20,</strong></span> <span class='ocrx_word' id='word_1_32' title='bbox 576 1132 656 1207; x_wconf 82' lang='lat' dir='ltr'><strong>aedis</strong></span> <span class='ocrx_word' id='word_1_33' title='bbox 675 1133 918 1208; x_wconf 77' lang='lat' dir='ltr'><strong>dedicationem</strong></span> <span class='ocrx_word' id='word_1_34' title='bbox 939 1130 1057 1235; x_wconf 82' lang='lat' dir='ltr'><strong>posuit</strong></span> <span class='ocrx_word' id='word_1_35' title='bbox 1072 1148 1147 1235; x_wconf 85' lang='lat' dir='ltr'><strong>post</strong></span> <span class='ocrx_word' id='word_1_36' title='bbox 1162 1132 1349 1235; x_wconf 78' lang='lat' dir='ltr'><strong>triumphum</strong></span> 
     </span>
     <span class='ocr_line' id='line_1_7' title="bbox 266 1256 1347 1360; baseline -0.002 -29"><span class='ocrx_word' id='word_1_37' title='bbox 266 1256 395 1332; x_wconf 77' lang='lat' dir='ltr'><strong>Tibeiii</strong></span> <span class='ocrx_word' id='word_1_38' title='bbox 413 1259 454 1330; x_wconf 89' lang='lat' dir='ltr'><strong>de</strong></span> <span class='ocrx_word' id='word_1_39' title='bbox 470 1257 654 1331; x_wconf 84' lang='lat' dir='ltr'><strong>Pannoniis</strong></span> <span class='ocrx_word' id='word_1_40' title='bbox 671 1275 704 1330; x_wconf 89' lang='lat' dir='ltr'><strong>et</strong></span> <span class='ocrx_word' id='word_1_41' title='bbox 722 1256 907 1344; x_wconf 87' lang='lat' dir='ltr'><strong>Dalmatis,</strong></span> <span class='ocrx_word' id='word_1_42' title='bbox 932 1271 1032 1360; x_wconf 88' lang='lat' dir='ltr'><strong>quem</strong></span> <span class='ocrx_word' id='word_1_43' title='bbox 1057 1276 1188 1354; x_wconf 79' lang='lat' dir='ltr'><strong>gestum</strong></span> <span class='ocrx_word' id='word_1_44' title='bbox 1206 1285 1277 1332; x_wconf 88' lang='lat' dir='ltr'><strong>esse</strong></span> <span class='ocrx_word' id='word_1_45' title='bbox 1293 1286 1347 1330; x_wconf 87' lang='lat' dir='ltr'><strong>au.</strong></span> 
     </span>
     <span class='ocr_line' id='line_1_8' title="bbox 271 1379 1351 1482; baseline 0.002 -30"><span class='ocrx_word' id='word_1_46' title='bbox 271 1379 341 1481; x_wconf 87' lang='lat'><strong>765</strong></span> <span class='ocrx_word' id='word_1_47' title='bbox 366 1380 462 1480; x_wconf 78' lang='lat' dir='ltr'>(aerae</span> <span class='ocrx_word' id='word_1_48' title='bbox 476 1381 716 1482; x_wconf 86' lang='lat' dir='ltr'><strong>Varroniauae)</strong></span> <span class='ocrx_word' id='word_1_49' title='bbox 735 1381 934 1456; x_wconf 87' lang='lat' dir='ltr'><strong>Germanico</strong></span> <span class='ocrx_word' id='word_1_50' title='bbox 952 1400 986 1456; x_wconf 91' lang='lat' dir='ltr'><strong>et</strong></span> <span class='ocrx_word' id='word_1_51' title='bbox 994 1381 1136 1456; x_wconf 87' lang='lat' dir='ltr'><strong>Fonteio</strong></span> <span class='ocrx_word' id='word_1_52' title='bbox 1152 1381 1351 1455; x_wconf 85' lang='lat' dir='ltr'><strong>Cos.Verrii</strong></span> 
     </span>
    </p>
   </div>
   <div class='ocr_carea' id='block_1_3' title="bbox 267 1502 1352 1606">
    <p class='ocr_par' dir='ltr' id='par_1_3' title="bbox 267 1502 1352 1606">
     <span class='ocr_line' id='line_1_9' title="bbox 267 1502 1352 1606; baseline -0.002 -27"><span class='ocrx_word' id='word_1_53' title='bbox 267 1502 359 1579; x_wconf 87' lang='lat' dir='ltr'><strong>Fasti</strong></span> <span class='ocrx_word' id='word_1_54' title='bbox 377 1503 419 1579; x_wconf 86' lang='lat' dir='ltr'><strong>ad</strong></span> <span class='ocrx_word' id='word_1_55' title='bbox 436 1503 469 1578; x_wconf 90' lang='lat' dir='ltr'><strong>d.</strong></span> <span class='ocrx_word' id='word_1_56' title='bbox 495 1503 537 1576; x_wconf 84' lang='lat'><strong>16</strong></span> <span class='ocrx_word' id='word_1_57' title='bbox 554 1505 631 1578; x_wconf 85' lang='lat' dir='ltr'><strong>Jan.</strong></span> <span class='ocrx_word' id='word_1_58' title='bbox 658 1504 782 1604; x_wconf 84' lang='lat' dir='ltr'><strong>(conf.</strong></span> <span class='ocrx_word' id='word_1_59' title='bbox 801 1507 906 1601; x_wconf 82' lang='lat' dir='ltr'><strong>Fogg.</strong></span> <span class='ocrx_word' id='word_1_60' title='bbox 924 1532 1001 1606; x_wconf 83' lang='lat' dir='ltr'><strong>pag.</strong></span> <span class='ocrx_word' id='word_1_61' title='bbox 1027 1505 1104 1604; x_wconf 70' lang='lat'><strong>14)</strong></span> <span class='ocrx_word' id='word_1_62' title='bbox 1128 1504 1260 1579; x_wconf 87' lang='lat' dir='ltr'><strong>docent.</strong></span> <span class='ocrx_word' id='word_1_63' title='bbox 1279 1503 1352 1577; x_wconf 89' lang='lat' dir='ltr'><strong>De-</strong></span> 
     </span>
    </p>
   </div>
   <div class='ocr_carea' id='block_1_4' title="bbox 185 1626 1493 1727">
    <p class='ocr_par' dir='ltr' id='par_1_4' title="bbox 185 1626 1493 1727">
     <span class='ocr_line' id='line_1_10' title="bbox 185 1626 1493 1727; baseline 0.004 -26"><span class='ocrx_word' id='word_1_64' title='bbox 185 1699 189 1714; x_wconf 72' lang='lat'><em>,</em></span> <span class='ocrx_word' id='word_1_65' title='bbox 269 1645 380 1704; x_wconf 88' lang='lat' dir='ltr'><strong>cretus</strong></span> <span class='ocrx_word' id='word_1_66' title='bbox 394 1627 462 1727; x_wconf 90' lang='lat' dir='ltr'><strong>jam</strong></span> <span class='ocrx_word' id='word_1_67' title='bbox 485 1627 595 1702; x_wconf 83' lang='lat' dir='ltr'><strong>fuerat</strong></span> <span class='ocrx_word' id='word_1_68' title='bbox 614 1626 791 1702; x_wconf 78' lang='lat' dir='ltr'><strong>Dolabella</strong></span> <span class='ocrx_word' id='word_1_69' title='bbox 808 1647 842 1702; x_wconf 92' lang='lat' dir='ltr'><strong>et</strong></span> <span class='ocrx_word' id='word_1_70' title='bbox 859 1626 919 1701; x_wconf 91' lang='lat' dir='ltr'><strong>Sil.</strong></span> <span class='ocrx_word' id='word_1_71' title='bbox 942 1628 1021 1702; x_wconf 90' lang='lat' dir='ltr'><strong>Cos.</strong></span> <span class='ocrx_word' id='word_1_72' title='bbox 1048 1628 1066 1726; x_wconf 94' lang='lat'>(</span> <span class='ocrx_word' id='word_1_73' title='bbox 1082 1626 1160 1700; x_wconf 88' lang='lat' dir='ltr'><strong>Dio.</strong></span> <span class='ocrx_word' id='word_1_74' title='bbox 1178 1628 1250 1714; x_wconf 79' lang='lat' dir='ltr'><strong>LV,</strong></span> <span class='ocrx_word' id='word_1_75' title='bbox 1276 1653 1316 1727; x_wconf 89' lang='lat'><strong>¹7</strong></span> <span class='ocrx_word' id='word_1_76' title='bbox 1334 1627 1352 1725; x_wconf 92' lang='lat'>)</span> <span class='ocrx_word' id='word_1_77' title='bbox 1489 1703 1493 1706; x_wconf 82' lang='grc'>,</span> 
     </span>
    </p>
   </div>
   <div class='ocr_carea' id='block_1_5' title="bbox 269 1748 1361 3462">
    <p class='ocr_par' dir='ltr' id='par_1_5' title="bbox 269 1748 1357 2720">
     <span class='ocr_line' id='line_1_11' title="bbox 269 1748 1354 1841; baseline -0.005 -15"><span class='ocrx_word' id='word_1_78' title='bbox 269 1751 346 1841; x_wconf 86' lang='lat' dir='ltr'><strong>sed,</strong></span> <span class='ocrx_word' id='word_1_79' title='bbox 362 1750 594 1827; x_wconf 83' lang='lat' dir='ltr'><strong>obeivitatem</strong></span> <span class='ocrx_word' id='word_1_80' title='bbox 611 1748 704 1824; x_wconf 90' lang='lat' dir='ltr'><strong>clade</strong></span> <span class='ocrx_word' id='word_1_81' title='bbox 720 1751 865 1826; x_wconf 80' lang='lat' dir='ltr'><strong>Vatiana</strong></span> <span class='ocrx_word' id='word_1_82' title='bbox 883 1766 1051 1838; x_wconf 70' lang='lat' dir='ltr'><strong>moestam,</strong></span> <span class='ocrx_word' id='word_1_83' title='bbox 1071 1748 1204 1823; x_wconf 83' lang='lat' dir='ltr'><strong>dilatus.</strong></span> <span class='ocrx_word' id='word_1_84' title='bbox 1225 1748 1354 1822; x_wconf 82' lang='lat' dir='ltr'><strong>Secun-</strong></span> 
     </span>
     <span class='ocr_line' id='line_1_12' title="bbox 269 1870 1352 1975; baseline -0.004 -25"><span class='ocrx_word' id='word_1_85' title='bbox 269 1875 350 1950; x_wconf 89' lang='lat' dir='ltr'><strong>dum</strong></span> <span class='ocrx_word' id='word_1_86' title='bbox 367 1875 567 1950; x_wconf 84' lang='lat' dir='ltr'><strong>Suetonium</strong></span> <span class='ocrx_word' id='word_1_87' title='bbox 585 1873 666 1949; x_wconf 82' lang='lat' dir='ltr'><strong>aedis</strong></span> <span class='ocrx_word' id='word_1_88' title='bbox 683 1872 851 1950; x_wconf 81' lang='lat' dir='ltr'><strong>dedicatio</strong></span> <span class='ocrx_word' id='word_1_89' title='bbox 867 1891 948 1975; x_wconf 87' lang='lat' dir='ltr'><strong>post</strong></span> <span class='ocrx_word' id='word_1_90' title='bbox 969 1899 1095 1947; x_wconf 90' lang='lat' dir='ltr'><strong>aunum</strong></span> <span class='ocrx_word' id='word_1_91' title='bbox 1114 1870 1184 1973; x_wconf 80' lang='lat'><strong>765</strong></span> <span class='ocrx_word' id='word_1_92' title='bbox 1200 1872 1352 1960; x_wconf 83' lang='lat' dir='ltr'><strong>caderet,</strong></span> 
     </span>
     <span class='ocr_line' id='line_1_13' title="bbox 272 1995 1351 2102; baseline -0.006 -28"><span class='ocrx_word' id='word_1_93' title='bbox 272 1998 365 2102; x_wconf 86' lang='lat' dir='ltr'><strong>quod</strong></span> <span class='ocrx_word' id='word_1_94' title='bbox 388 2000 456 2099; x_wconf 92' lang='lat' dir='ltr'><strong>jam</strong></span> <span class='ocrx_word' id='word_1_95' title='bbox 478 1997 636 2073; x_wconf 80' lang='lat' dir='ltr'><strong>refutavit</strong></span> <span class='ocrx_word' id='word_1_96' title='bbox 651 1999 800 2072; x_wconf 83' lang='lat' dir='ltr'><strong>Messon.</strong></span> <span class='ocrx_word' id='word_1_97' title='bbox 818 1997 855 2070; x_wconf 94' lang='lat' dir='ltr'><strong>in</strong></span> <span class='ocrx_word' id='word_1_98' title='bbox 871 1996 939 2070; x_wconf 89' lang='lat' dir='ltr'><strong>vita</strong></span> <span class='ocrx_word' id='word_1_99' title='bbox 957 1995 1092 2086; x_wconf 87' lang='lat' dir='ltr'><strong>Ovidii,</strong></span> <span class='ocrx_word' id='word_1_100' title='bbox 1110 2023 1187 2097; x_wconf 81' lang='lat' dir='ltr'><strong>pag.</strong></span> <span class='ocrx_word' id='word_1_101' title='bbox 1213 2021 1282 2069; x_wconf 88' lang='lat'><strong>100</strong></span> <span class='ocrx_word' id='word_1_102' title='bbox 1300 1995 1351 2069; x_wconf 89' lang='lat' dir='ltr'><strong>ed.</strong></span> 
     </span>
     <span class='ocr_line' id='line_1_14' title="bbox 270 2121 1354 2222; baseline -0.004 -24"><span class='ocrx_word' id='word_1_103' title='bbox 270 2125 387 2199; x_wconf 88' lang='lat' dir='ltr'><strong>Bmm.</strong></span> <span class='ocrx_word' id='word_1_104' title='bbox 415 2141 496 2196; x_wconf 86' lang='lat' dir='ltr'><strong>tom.</strong></span> <span class='ocrx_word' id='word_1_105' title='bbox 524 2125 584 2197; x_wconf 88' lang='lat' dir='ltr'><strong>IV.</strong></span> <span class='ocrx_word' id='word_1_106' title='bbox 608 2123 748 2198; x_wconf 86' lang='lat' dir='ltr'><strong>Verrius</strong></span> <span class='ocrx_word' id='word_1_107' title='bbox 767 2149 859 2196; x_wconf 86' lang='lat' dir='ltr'><strong>nune</strong></span> <span class='ocrx_word' id='word_1_108' title='bbox 892 2121 1009 2209; x_wconf 85' lang='lat' dir='ltr'><strong>donet,</strong></span> <span class='ocrx_word' id='word_1_109' title='bbox 1033 2121 1148 2196; x_wconf 86' lang='lat' dir='ltr'><strong>eodem</strong></span> <span class='ocrx_word' id='word_1_110' title='bbox 1170 2149 1259 2196; x_wconf 90' lang='lat' dir='ltr'><strong>auno</strong></span> <span class='ocrx_word' id='word_1_111' title='bbox 1285 2150 1354 2222; x_wconf 92' lang='lat' dir='ltr'><strong>quo</strong></span> 
     </span>
     <span class='ocr_line' id='line_1_15' title="bbox 271 2235 1354 2349; baseline -0.005 -27"><span class='ocrx_word' id='word_1_112' title='bbox 271 2275 336 2349; x_wconf 81' lang='lat' dir='ltr'><strong>pax</strong></span> <span class='ocrx_word' id='word_1_113' title='bbox 354 2247 389 2320; x_wconf 93' lang='lat' dir='ltr'><strong>iu</strong></span> <span class='ocrx_word' id='word_1_114' title='bbox 405 2246 579 2320; x_wconf 90' lang='lat' dir='ltr'><strong>Pannonia</strong></span> <span class='ocrx_word' id='word_1_115' title='bbox 595 2262 629 2320; x_wconf 85' lang='lat' dir='ltr'><strong>et</strong></span> <span class='ocrx_word' id='word_1_116' title='bbox 642 2235 809 2320; x_wconf 87' lang='lat' dir='ltr'><strong>Dalmatia</strong></span> <span class='ocrx_word' id='word_1_117' title='bbox 825 2245 1013 2346; x_wconf 87' lang='lat' dir='ltr'><strong>composita</strong></span> <span class='ocrx_word' id='word_1_118' title='bbox 1027 2262 1098 2333; x_wconf 88' lang='lat' dir='ltr'><strong>est,</strong></span> <span class='ocrx_word' id='word_1_119' title='bbox 1117 2243 1244 2320; x_wconf 85' lang='lat' dir='ltr'><strong>scilieet</strong></span> <span class='ocrx_word' id='word_1_120' title='bbox 1261 2244 1354 2346; x_wconf 82' lang='lat'><strong>762,</strong></span> 
     </span>
     <span class='ocr_line' id='line_1_16' title="bbox 274 2367 1356 2471; baseline -0.002 -25"><span class='ocrx_word' id='word_1_121' title='bbox 274 2371 312 2446; x_wconf 91' lang='lat' dir='ltr'><strong>C.</strong></span> <span class='ocrx_word' id='word_1_122' title='bbox 331 2367 455 2445; x_wconf 87' lang='lat' dir='ltr'><strong>Dolah.</strong></span> <span class='ocrx_word' id='word_1_123' title='bbox 481 2387 516 2445; x_wconf 90' lang='lat' dir='ltr'><strong>et</strong></span> <span class='ocrx_word' id='word_1_124' title='bbox 538 2368 598 2443; x_wconf 90' lang='lat' dir='ltr'><strong>Sil.</strong></span> <span class='ocrx_word' id='word_1_125' title='bbox 620 2369 698 2444; x_wconf 85' lang='lat' dir='ltr'><strong>Cos.</strong></span> <span class='ocrx_word' id='word_1_126' title='bbox 724 2368 828 2466; x_wconf 77' lang='lat' dir='ltr'><strong>aedem</strong></span> <span class='ocrx_word' id='word_1_127' title='bbox 851 2368 1036 2442; x_wconf 88' lang='lat' dir='ltr'><strong>dedicatam</strong></span> <span class='ocrx_word' id='word_1_128' title='bbox 1059 2396 1154 2455; x_wconf 81' lang='lat' dir='ltr'><strong>esse3</strong></span> <span class='ocrx_word' id='word_1_129' title='bbox 1177 2395 1356 2471; x_wconf 73' lang='lat' dir='ltr'><strong>perperam</strong></span> 
     </span>
     <span class='ocr_line' id='line_1_17' title="bbox 272 2458 1357 2597; baseline -0.001 -29"><span class='ocrx_word' id='word_1_130' title='bbox 272 2496 386 2597; x_wconf 90' lang='lat' dir='ltr'><strong>itaque</strong></span> <span class='ocrx_word' id='word_1_131' title='bbox 397 2494 596 2570; x_wconf 87' lang='lat' dir='ltr'><strong>Suetonium</strong></span> <span class='ocrx_word' id='word_1_132' title='bbox 610 2511 692 2595; x_wconf 86' lang='lat' dir='ltr'><strong>post</strong></span> <span class='ocrx_word' id='word_1_133' title='bbox 705 2458 914 2595; x_wconf 81' lang='lat' dir='ltr'><strong>tiiumphnni</strong></span> <span class='ocrx_word' id='word_1_134' title='bbox 924 2491 1061 2568; x_wconf 66' lang='lat' dir='ltr'><strong>tobim</strong></span> <span class='ocrx_word' id='word_1_135' title='bbox 1074 2493 1246 2596; x_wconf 79' lang='lat' dir='ltr'><strong>posuisse,</strong></span> <span class='ocrx_word' id='word_1_136' title='bbox 1263 2492 1357 2594; x_wconf 84' lang='lat' dir='ltr'><strong>quod</strong></span> 
     </span>
     <span class='ocr_line' id='line_1_18' title="bbox 273 2615 1107 2720; baseline -0.005 -26"><span class='ocrx_word' id='word_1_137' title='bbox 273 2619 385 2694; x_wconf 90' lang='lat' dir='ltr'><strong>statim</strong></span> <span class='ocrx_word' id='word_1_138' title='bbox 404 2636 484 2720; x_wconf 90' lang='lat' dir='ltr'><strong>post</strong></span> <span class='ocrx_word' id='word_1_139' title='bbox 499 2615 628 2692; x_wconf 89' lang='lat' dir='ltr'><strong>bellum</strong></span> <span class='ocrx_word' id='word_1_140' title='bbox 645 2617 871 2718; x_wconf 90' lang='lat' dir='ltr'><strong>compositum</strong></span> <span class='ocrx_word' id='word_1_141' title='bbox 886 2615 1010 2690; x_wconf 83' lang='lat' dir='ltr'><strong>laetum</strong></span> <span class='ocrx_word' id='word_1_142' title='bbox 1027 2632 1107 2690; x_wconf 83' lang='lat' dir='ltr'><strong>erat.</strong></span> 
     </span>
    </p>

    <p class='ocr_par' dir='ltr' id='par_1_6' title="bbox 274 2737 1360 3312">
     <span class='ocr_line' id='line_1_19' title="bbox 322 2737 1359 2841; baseline -0.006 -23"><span class='ocrx_word' id='word_1_143' title='bbox 322 2741 378 2818; x_wconf 83' lang='lat' dir='ltr'><strong>Ad</strong></span> <span class='ocrx_word' id='word_1_144' title='bbox 394 2741 489 2816; x_wconf 83' lang='lat' dir='ltr'><strong>Fast.</strong></span> <span class='ocrx_word' id='word_1_145' title='bbox 507 2739 598 2826; x_wconf 88' lang='grc' dir='ltr'><em>ΙΙΙ,</em></span> <span class='ocrx_word' id='word_1_146' title='bbox 621 2740 692 2841; x_wconf 74' lang='lat'><strong>419</strong></span> <span class='ocrx_word' id='word_1_147' title='bbox 713 2741 728 2838; x_wconf 95' lang='lat'>(</span> <span class='ocrx_word' id='word_1_148' title='bbox 746 2737 779 2813; x_wconf 83' lang='lat' dir='ltr'><strong>d.</strong></span> <span class='ocrx_word' id='word_1_149' title='bbox 800 2737 833 2813; x_wconf 83' lang='grc'><strong>6.</strong></span> <span class='ocrx_word' id='word_1_150' title='bbox 853 2738 987 2838; x_wconf 86' lang='lat' dir='ltr'><strong>Mart.)</strong></span> <span class='ocrx_word' id='word_1_151' title='bbox 1009 2738 1050 2812; x_wconf 88' lang='lat' dir='ltr'><strong>de</strong></span> <span class='ocrx_word' id='word_1_152' title='bbox 1073 2737 1213 2813; x_wconf 73' lang='lat' dir='ltr'><strong>Caesaris</strong></span> <span class='ocrx_word' id='word_1_153' title='bbox 1235 2738 1359 2813; x_wconf 90' lang='lat' dir='ltr'><strong>Ponti·</strong></span> 
     </span>
     <span class='ocr_line' id='line_1_20' title="bbox 274 2860 1355 2966; baseline -0.006 -27"><span class='ocrx_word' id='word_1_154' title='bbox 274 2865 374 2940; x_wconf 84' lang='lat' dir='ltr'><strong>licatu</strong></span> <span class='ocrx_word' id='word_1_155' title='bbox 397 2892 507 2939; x_wconf 88' lang='lat' dir='ltr'><strong>annus</strong></span> <span class='ocrx_word' id='word_1_156' title='bbox 531 2891 622 2938; x_wconf 86' lang='lat' dir='ltr'><strong>nuno</strong></span> <span class='ocrx_word' id='word_1_157' title='bbox 646 2881 779 2950; x_wconf 84' lang='lat' dir='ltr'><strong>certus,</strong></span> <span class='ocrx_word' id='word_1_158' title='bbox 809 2891 877 2966; x_wconf 91' lang='lat' dir='ltr'><strong>quo</strong></span> <span class='ocrx_word' id='word_1_159' title='bbox 900 2861 1087 2937; x_wconf 81' lang='lat' dir='ltr'><strong>Octaviano</strong></span> <span class='ocrx_word' id='word_1_160' title='bbox 1114 2860 1259 2936; x_wconf 73' lang='lat' dir='ltr'><strong>traditus</strong></span> <span class='ocrx_word' id='word_1_161' title='bbox 1283 2877 1355 2948; x_wconf 82' lang='lat' dir='ltr'><strong>est¹</strong></span> 
     </span>
     <span class='ocr_line' id='line_1_21' title="bbox 275 2983 1360 3092; baseline -0.005 -30"><span class='ocrx_word' id='word_1_162' title='bbox 275 2988 399 3092; x_wconf 84' lang='lat' dir='ltr'><strong>prodit.</strong></span> <span class='ocrx_word' id='word_1_163' title='bbox 419 2987 524 3085; x_wconf 83' lang='lat' dir='ltr'><strong>Quod</strong></span> <span class='ocrx_word' id='word_1_164' title='bbox 541 2987 630 3062; x_wconf 90' lang='lat' dir='ltr'><strong>enim</strong></span> <span class='ocrx_word' id='word_1_165' title='bbox 644 3004 740 3060; x_wconf 87' lang='lat' dir='ltr'><strong>antea</strong></span> <span class='ocrx_word' id='word_1_166' title='bbox 755 2987 791 3060; x_wconf 92' lang='lat' dir='ltr'><strong>iu</strong></span> <span class='ocrx_word' id='word_1_167' title='bbox 809 3014 898 3060; x_wconf 86' lang='lat' dir='ltr'><strong>anno</strong></span> <span class='ocrx_word' id='word_1_168' title='bbox 914 2985 1004 3085; x_wconf 69' lang='lat'><strong>740,</strong></span> <span class='ocrx_word' id='word_1_169' title='bbox 1019 3013 1088 3086; x_wconf 89' lang='lat' dir='ltr'><strong>quo</strong></span> <span class='ocrx_word' id='word_1_170' title='bbox 1102 2983 1253 3086; x_wconf 89' lang='lat' dir='ltr'><strong>Lepidus</strong></span> <span class='ocrx_word' id='word_1_171' title='bbox 1267 3011 1360 3057; x_wconf 85' lang='lat' dir='ltr'><strong>mon-</strong></span> 
     </span>
     <span class='ocr_line' id='line_1_22' title="bbox 277 3106 1359 3214; baseline -0.004 -29"><span class='ocrx_word' id='word_1_172' title='bbox 277 3131 355 3188; x_wconf 87' lang='lat' dir='ltr'><strong>tuus</strong></span> <span class='ocrx_word' id='word_1_173' title='bbox 380 3128 450 3200; x_wconf 83' lang='lat' dir='ltr'><strong>est,</strong></span> <span class='ocrx_word' id='word_1_174' title='bbox 473 3111 671 3214; x_wconf 82' lang='lat' dir='ltr'><strong>ponebant,</strong></span> <span class='ocrx_word' id='word_1_175' title='bbox 689 3107 785 3185; x_wconf 78' lang='lat' dir='ltr'><strong>&#39;anno</strong></span> <span class='ocrx_word' id='word_1_176' title='bbox 809 3125 968 3210; x_wconf 84' lang='lat' dir='ltr'><strong>sequente</strong></span> <span class='ocrx_word' id='word_1_177' title='bbox 986 3106 1121 3182; x_wconf 88' lang='lat' dir='ltr'><strong>demum</strong></span> <span class='ocrx_word' id='word_1_178' title='bbox 1142 3108 1267 3182; x_wconf 82' lang='lat' dir='ltr'><strong>factum</strong></span> <span class='ocrx_word' id='word_1_179' title='bbox 1284 3135 1359 3181; x_wconf 86' lang='lat' dir='ltr'><strong>esse</strong></span> 
     </span>
     <span class='ocr_line' id='line_1_23' title="bbox 277 3225 630 3312; baseline 0 -2"><span class='ocrx_word' id='word_1_180' title='bbox 277 3238 425 3312; x_wconf 89' lang='lat' dir='ltr'><strong>ostendit</strong></span> <span class='ocrx_word' id='word_1_181' title='bbox 436 3225 510 3312; x_wconf 75' lang='lat' dir='ltr'><strong>liaeo</strong></span> <span class='ocrx_word' id='word_1_182' title='bbox 528 3254 630 3311; x_wconf 90' lang='lat' dir='ltr'><strong>nota:</strong></span> 
     </span>
    </p>

    <p class='ocr_par' dir='ltr' id='par_1_7' title="bbox 325 3355 1361 3462">
     <span class='ocr_line' id='line_1_24' title="bbox 325 3355 1361 3462; baseline -0.007 -26"><span class='ocrx_word' id='word_1_183' title='bbox 325 3361 412 3462; x_wconf 83' lang='lat' dir='ltr'><strong>Imp.</strong></span> <span class='ocrx_word' id='word_1_184' title='bbox 435 3359 518 3436; x_wconf 82' lang='lat' dir='ltr'><strong>Coes.</strong></span> <span class='ocrx_word' id='word_1_185' title='bbox 537 3362 704 3461; x_wconf 66' lang='lat' dir='ltr'><strong>Augustus</strong></span> <span class='ocrx_word' id='word_1_186' title='bbox 720 3357 839 3458; x_wconf 58' lang='lat' dir='ltr'><strong>Poouffi</strong></span> <span class='ocrx_word' id='word_1_187' title='bbox 858 3359 1024 3433; x_wconf 83' lang='lat' dir='ltr'><strong>maximus</strong></span> <span class='ocrx_word' id='word_1_188' title='bbox 1044 3356 1153 3432; x_wconf 84' lang='lat' dir='ltr'><strong>faetus</strong></span> <span class='ocrx_word' id='word_1_189' title='bbox 1170 3373 1246 3444; x_wconf 86' lang='lat' dir='ltr'><strong>est,</strong></span> <span class='ocrx_word' id='word_1_190' title='bbox 1270 3355 1361 3453; x_wconf 83' lang='lat' dir='ltr'><strong>Qui-</strong></span> 
     </span>
    </p>
   </div>
   <div class='ocr_carea' id='block_1_6' title="bbox 275 3482 648 3580">
    <p class='ocr_par' dir='ltr' id='par_1_8' title="bbox 275 3482 648 3580">
     <span class='ocr_line' id='line_1_25' title="bbox 275 3482 648 3580; baseline -0.013 -19"><span class='ocrx_word' id='word_1_191' title='bbox 275 3485 363 3561; x_wconf 87' lang='lat' dir='ltr'><strong>rinio</strong></span> <span class='ocrx_word' id='word_1_192' title='bbox 381 3503 415 3560; x_wconf 88' lang='lat' dir='ltr'><strong>et</strong></span> <span class='ocrx_word' id='word_1_193' title='bbox 430 3482 552 3580; x_wconf 80' lang='lat' dir='ltr'><strong>Valgia</strong></span> <span class='ocrx_word' id='word_1_194' title='bbox 572 3485 648 3560; x_wconf 90' lang='lat' dir='ltr'><strong>Cos.</strong></span> 
     </span>
    </p>
   </div>
   <div class='ocr_carea' id='block_1_7' title="bbox 325 3599 1361 3707">
    <p class='ocr_par' dir='ltr' id='par_1_9' title="bbox 325 3599 1361 3707">
     <span class='ocr_line' id='line_1_26' title="bbox 325 3599 1361 3707; baseline -0.011 -22"><span class='ocrx_word' id='word_1_195' title='bbox 325 3611 419 3685; x_wconf 83' lang='lat' dir='ltr'><strong>Fost.</strong></span> <span class='ocrx_word' id='word_1_196' title='bbox 438 3607 532 3696; x_wconf 91' lang='grc' dir='ltr'><em>ΙΙΙ,</em></span> <span class='ocrx_word' id='word_1_197' title='bbox 556 3607 627 3680; x_wconf 82' lang='lat'><strong>812</strong></span> <span class='ocrx_word' id='word_1_198' title='bbox 642 3625 676 3682; x_wconf 87' lang='lat' dir='ltr'><strong>et</strong></span> <span class='ocrx_word' id='word_1_199' title='bbox 689 3605 764 3680; x_wconf 80' lang='lat'><strong>838</strong></span> <span class='ocrx_word' id='word_1_200' title='bbox 780 3605 837 3704; x_wconf 87' lang='lat' dir='ltr'><strong>(d.</strong></span> <span class='ocrx_word' id='word_1_201' title='bbox 861 3633 904 3707; x_wconf 82' lang='lat'><strong>¹9</strong></span> <span class='ocrx_word' id='word_1_202' title='bbox 920 3606 1050 3699; x_wconf 86' lang='lat' dir='ltr'><strong>Mart.)</strong></span> <span class='ocrx_word' id='word_1_203' title='bbox 1068 3602 1194 3679; x_wconf 78' lang='lat' dir='ltr'><strong>ovidio</strong></span> <span class='ocrx_word' id='word_1_204' title='bbox 1212 3600 1269 3676; x_wconf 88' lang='lat' dir='ltr'><strong>hio</strong></span> <span class='ocrx_word' id='word_1_205' title='bbox 1287 3599 1361 3675; x_wconf 89' lang='lat' dir='ltr'><strong>dies</strong></span> 
     </span>
    </p>
   </div>
   <div class='ocr_carea' id='block_1_8' title="bbox 167 3727 1361 3822">
    <p class='ocr_par' dir='ltr' id='par_1_10' title="bbox 167 3727 1361 3822">
     <span class='ocr_line' id='line_1_27' title="bbox 167 3727 1361 3822; baseline -0.011 -10"><span class='ocrx_word' id='word_1_206' title='bbox 167 3741 169 3746; x_wconf 75' lang='grc'><strong>’</strong></span> <span class='ocrx_word' id='word_1_207' title='bbox 277 3735 432 3812; x_wconf 70' lang='lat' dir='ltr'><strong>Minerva</strong></span> <span class='ocrx_word' id='word_1_208' title='bbox 446 3735 561 3810; x_wconf 79' lang='lat' dir='ltr'><strong>notod&#39;s</strong></span> <span class='ocrx_word' id='word_1_209' title='bbox 577 3753 714 3810; x_wconf 86' lang='lat' dir='ltr'><strong>vocatur</strong></span> <span class='ocrx_word' id='word_1_210' title='bbox 728 3762 736 3822; x_wconf 90' lang='lat'>;</span> <span class='ocrx_word' id='word_1_211' title='bbox 760 3749 795 3807; x_wconf 92' lang='lat' dir='ltr'><strong>et</strong></span> <span class='ocrx_word' id='word_1_212' title='bbox 810 3729 878 3806; x_wconf 87' lang='lat' dir='ltr'><strong>kal.</strong></span> <span class='ocrx_word' id='word_1_213' title='bbox 893 3731 1040 3806; x_wconf 88' lang='lat' dir='ltr'><strong>Vindob.</strong></span> <span class='ocrx_word' id='word_1_214' title='bbox 1060 3729 1163 3804; x_wconf 86' lang='lat' dir='ltr'><strong>habet</strong></span> <span class='ocrx_word' id='word_1_215' title='bbox 1175 3730 1226 3804; x_wconf 88' lang='grc' dir='ltr'><strong>Ν.</strong></span> <span class='ocrx_word' id='word_1_216' title='bbox 1240 3727 1361 3802; x_wconf 75' lang='lat' dir='ltr'><strong>Mtiier-</strong></span> 
     </span>
    </p>
   </div>
   <div class='ocr_carea' id='block_1_9' title="bbox 277 3846 1362 4330">
    <p class='ocr_par' dir='ltr' id='par_1_11' title="bbox 277 3846 1362 4330">
     <span class='ocr_line' id='line_1_28' title="bbox 277 3846 1361 3962; baseline -0.009 -30"><span class='ocrx_word' id='word_1_217' title='bbox 277 3886 339 3944; x_wconf 75' lang='lat' dir='ltr'><strong>ees,</strong></span> <span class='ocrx_word' id='word_1_218' title='bbox 368 3858 462 3962; x_wconf 88' lang='lat' dir='ltr'><strong>qnod</strong></span> <span class='ocrx_word' id='word_1_219' title='bbox 474 3877 586 3935; x_wconf 89' lang='lat' dir='ltr'><strong>autem</strong></span> <span class='ocrx_word' id='word_1_220' title='bbox 599 3859 664 3933; x_wconf 85' lang='lat' dir='ltr'><strong>hoe</strong></span> <span class='ocrx_word' id='word_1_221' title='bbox 675 3858 775 3932; x_wconf 85' lang='lat' dir='ltr'><strong>etiam</strong></span> <span class='ocrx_word' id='word_1_222' title='bbox 787 3852 866 3928; x_wconf 87' lang='lat' dir='ltr'><strong>loeo</strong></span> <span class='ocrx_word' id='word_1_223' title='bbox 877 3853 963 3928; x_wconf 84' lang='lat' dir='ltr'><strong>nihil</strong></span> <span class='ocrx_word' id='word_1_224' title='bbox 976 3852 1068 3927; x_wconf 83' lang='lat' dir='ltr'><strong>aliud</strong></span> <span class='ocrx_word' id='word_1_225' title='bbox 1081 3879 1118 3926; x_wconf 90' lang='lat' dir='ltr'><strong>ac</strong></span> <span class='ocrx_word' id='word_1_226' title='bbox 1129 3851 1229 3953; x_wconf 78' lang='lat' dir='ltr'><strong>primi</strong></span> <span class='ocrx_word' id='word_1_227' title='bbox 1241 3846 1361 3950; x_wconf 88' lang='lat' dir='ltr'><strong>templi</strong></span> 
     </span>
     <span class='ocr_line' id='line_1_29' title="bbox 278 3973 1361 4078; baseline -0.008 -22"><span class='ocrx_word' id='word_1_228' title='bbox 278 3981 520 4058; x_wconf 81' lang='lat' dir='ltr'><strong>dedicationem</strong></span> <span class='ocrx_word' id='word_1_229' title='bbox 543 3981 715 4078; x_wconf 81' lang='lat' dir='ltr'><strong>designare</strong></span> <span class='ocrx_word' id='word_1_230' title='bbox 739 3979 868 4054; x_wconf 81' lang='lat' dir='ltr'><strong>indicat</strong></span> <span class='ocrx_word' id='word_1_231' title='bbox 883 3977 1045 4066; x_wconf 84' lang='lat' dir='ltr'><strong>Verrius,</strong></span> <span class='ocrx_word' id='word_1_232' title='bbox 1069 3977 1220 4051; x_wconf 80' lang='lat' dir='ltr'><strong>scribens</strong></span> <span class='ocrx_word' id='word_1_233' title='bbox 1237 4003 1246 4048; x_wconf 77' lang='lat' dir='ltr'><strong>e</strong></span> <span class='ocrx_word' id='word_1_234' title='bbox 1265 3973 1361 4075; x_wconf 90' lang='lat' dir='ltr'><strong>quod</strong></span> 
     </span>
     <span class='ocr_line' id='line_1_30' title="bbox 277 4096 1362 4189; baseline -0.007 -11"><span class='ocrx_word' id='word_1_235' title='bbox 277 4104 438 4180; x_wconf 79' lang='lat' dir='ltr'><strong>Minerva</strong></span> <span class='ocrx_word' id='word_1_236' title='bbox 454 4105 533 4180; x_wconf 75' lang='lat' dir='ltr'><strong>adis</strong></span> <span class='ocrx_word' id='word_1_237' title='bbox 552 4105 584 4180; x_wconf 74' lang='lat' dir='ltr'><strong>in</strong></span> <span class='ocrx_word' id='word_1_238' title='bbox 602 4103 761 4182; x_wconf 73' lang='lat' dir='ltr'><strong>Aeeotmo</strong></span> <span class='ocrx_word' id='word_1_239' title='bbox 774 4131 812 4177; x_wconf 85' lang='lat' dir='ltr'><strong>eo</strong></span> <span class='ocrx_word' id='word_1_240' title='bbox 831 4101 883 4176; x_wconf 77' lang='lat' dir='ltr'><strong>die</strong></span> <span class='ocrx_word' id='word_1_241' title='bbox 896 4117 944 4176; x_wconf 85' lang='lat' dir='ltr'><strong>est</strong></span> <span class='ocrx_word' id='word_1_242' title='bbox 958 4117 1178 4189; x_wconf 78' lang='lat' dir='ltr'><strong>consecrata,</strong></span> <span class='ocrx_word' id='word_1_243' title='bbox 1199 4096 1254 4172; x_wconf 88' lang='lat' dir='ltr'><strong>oui</strong></span> <span class='ocrx_word' id='word_1_244' title='bbox 1275 4125 1362 4171; x_wconf 86' lang='lat' dir='ltr'><strong>eon·</strong></span> 
     </span>
     <span class='ocr_line' id='line_1_31' title="bbox 279 4221 1361 4330; baseline -0.007 -27"><span class='ocrx_word' id='word_1_245' title='bbox 279 4228 381 4304; x_wconf 88' lang='lat' dir='ltr'><strong>sentit</strong></span> <span class='ocrx_word' id='word_1_246' title='bbox 393 4230 482 4304; x_wconf 86' lang='lat' dir='ltr'><strong>Fest.</strong></span> <span class='ocrx_word' id='word_1_247' title='bbox 491 4227 619 4304; x_wconf 81' lang='lat' dir='ltr'><strong>Scn&#39;bos&#39;</strong></span> <span class='ocrx_word' id='word_1_248' title='bbox 630 4247 664 4304; x_wconf 86' lang='lat' dir='ltr'><strong>et</strong></span> <span class='ocrx_word' id='word_1_249' title='bbox 681 4227 904 4330; x_wconf 64' lang='lat' dir='ltr'><strong>Quinquatria.</strong></span> <span class='ocrx_word' id='word_1_250' title='bbox 918 4229 1006 4302; x_wconf 89' lang='lat' dir='ltr'><strong>Nam</strong></span> <span class='ocrx_word' id='word_1_251' title='bbox 1017 4244 1052 4300; x_wconf 91' lang='lat' dir='ltr'><strong>et</strong></span> <span class='ocrx_word' id='word_1_252' title='bbox 1061 4221 1141 4301; x_wconf 85' lang='lat' dir='ltr'><strong>alibi</strong></span> <span class='ocrx_word' id='word_1_253' title='bbox 1156 4221 1361 4324; x_wconf 87' lang='lat' dir='ltr'><strong>templorum</strong></span> 
     </span>
    </p>
   </div>
   <div class='ocr_carea' id='block_1_10' title="bbox 0 0 1536 5009">
    <p class='ocr_par' dir='ltr' id='par_1_12' title="bbox 0 0 1536 5009">
     <span class='ocr_line' id='line_1_32' title="bbox 0 0 1536 5009; baseline 0 0"><span class='ocrx_word' id='word_1_254' title='bbox 0 0 1536 5009; x_wconf 95' lang='lat' dir='ltr'><strong> </strong></span> 
     </span>
    </p>
   </div>
  </div>
 </body>
</html>
