3025 5009
322 466 388 534 350
599 469 641 534 P.
678 469 855 536 OVlDlI
883 469 1110 542 NASONIS

320 609 424 683 Scena
441 608 522 684 levis
537 607 632 684 decet
649 610 735 684 hanc
750 641 759 684 :
774 595 845 686 non
865 629 932 702 est,
951 613 1034 690 mihi
1052 615 1194 706 credite,
1213 645 1283 694 non
1300 638 1348 695 est

366 726 428 801 Illa
447 727 663 802 cothurnatas
681 729 770 804 inter
784 729 937 806 habenda
955 732 1042 808 deas.

318 843 432 918 Turba
452 844 588 946 quidem
606 872 665 919 cur
681 847 744 920 hoe
762 847 908 923 celebret
923 851 1109 926 meretricia
1125 851 1246 947 ludos,

368 963 447 1034 Non
460 989 500 1035 ex
518 961 646 1036 difficili
663 991 763 1036 causa
780 965 923 1065 petenda
940 965 1064 1042 subest.
1346 992 1394 1046 350

320 1082 397 1155 Non
413 1095 463 1151 est
481 1079 522 1153 de
540 1077 685 1167 tetricis,
702 1108 772 1154 non
789 1099 841 1154 est
859 1080 899 1154 de
914 1109 1034 1178 magna
1051 1083 1232 1186 professis:

368 1194 451 1268 Vult
465 1223 525 1268 sua
540 1193 671 1295 plebeio
688 1223 781 1269 sacra
798 1213 911 1297 patere
925 1197 1037 1273 choro.

322 1313 368 1386 Et
383 1327 497 1384 monet
513 1309 620 1384 utatis
635 1310 764 1412 specie,
782 1310 862 1386 dum
878 1311 1014 1402 lloreat,
1034 1317 1104 1405 nti3

371 1424 548 1500 Contemni
564 1424 712 1527 spinam,
731 1456 835 1528 quum
854 1428 998 1505 cecidere
1011 1460 1103 1508 rose.

322 1548 393 1621 Cur
411 1563 536 1631 tamen,
551 1560 592 1617 nt
608 1543 730 1618 dantur
744 1563 852 1620 vestes
872 1547 1065 1624 Cerealibus
1081 1548 1181 1637 albae,
1350 1573 1398 1627 355

371 1661 425 1735 Sic
444 1678 495 1734 est
508 1659 578 1734 huc
594 1659 688 1735 cultu
701 1662 899 1738 versicolore
919 1663 1064 1741 decens?

320 1779 377 1854 An
396 1775 472 1878 qnia
491 1777 629 1851 maturis
645 1775 787 1853 albescit
801 1781 917 1856 messis
935 1781 1068 1871 aristis3

370 1896 417 1968 Et
432 1892 524 1967 color
539 1911 571 1966 et
588 1894 713 1997 species
730 1895 870 1971 floribus
891 1899 1000 1973 omnis
1017 1900 1130 1974 inest?

320 2008 475 2103 Adnuit;
496 2027 530 2083 et
546 2011 648 2086 motis
665 2010 766 2086 llores
785 2014 931 2090 cecidere
949 2015 1100 2118 capillis,

370 2125 530 2201 Accidere
546 2126 583 2198 in
599 2155 731 2202 mensas
746 2147 786 2202 ut
803 2157 879 2206 rosa
897 2133 997 2208 missa
1014 2132 1108 2208 solet.
1351 2155 1398 2207 360

354 2296 413 2362 347.
425 2297 521 2358 llam
532 2292 639 2363 respicit
649 2293 682 2347 nd
691 2313 758 2348 vers.
769 2295 837 2364 334,
919 2300 976 2354 35ι.
988 2301 1112 2363 Tetricus,
1128 2317 1250 2364 severus,
1261 2297 1397 2360 horridum

321 2395 387 2432 nam
400 2375 502 2444 reliqua
516 2375 589 2443 quasi
605 2393 653 2445 per
666 2375 837 2445 parenthesin
887 2378 991 2445 Livius,
1011 2380 1041 2445 l,
1059 2382 1089 2434 18
1105 2399 1111 2432 ε
1125 2401 1137 2424 n
1152 2379 1259 2432 Tetrica
1274 2390 1302 2432 et
1321 2379 1397 2432 tristis

322 2455 479 2524 interjecta,
497 2462 528 2505 ut
540 2455 597 2521 jam
611 2471 691 2523 snpra
706 2463 837 2506 notatum.
888 2477 901 2503 a·
911 2457 1071 2511 Sabinorum
1083 2455 1226 2526 disciplina.
1235 2459 1398 2508 s-Pleiens

322 2563 357 2577 -
367 2537 444 2588 uere
454 2551 523 2604 eaepe
539 2544 579 2587 est
591 2543 619 2587 et
634 2533 796 2588 histrionum
811 2545 839 2587 et
886 2539 984 2598 riorus,
1001 2536 1043 2590 ille
1054 2537 1108 2608 ipse
1119 2537 1292 2590 meretricum
1304 2535 1398 2588 salten-

321 2634 407 2672 seenoe
417 2614 572 2684 epitheton,
586 2625 618 2668 ut
635 2634 695 2685 que
710 2615 838 2686 voluptati
887 2615 954 2667 tium
965 2625 992 2668 et
1002 2613 1208 2670 discurrentium
1218 2614 1398 2682 ruinae-Spe

321 2695 466 2758 inserviam
482 2693 578 2748 Cicero
588 2693 666 2748 Orac
681 2695 708 2759 l,
726 2699 760 2749 5:
775 2699 839 2747 leuis
886 2697 949 2754 cies,
966 2692 1149 2762 pulchritudo,
1162 2692 1256 2761 decor,
1266 2711 1349 2762 quem
1361 2691 1399 2762 gi-

321 2779 472 2828 rismum
480 2792 525 2826 ers
532 2783 650 2824 eiecere.
657 2771 738 2826 Nunc
747 2785 838 2825 autern
887 2771 943 2842 gnit
955 2771 1101 2840 juventsrtis
1111 2773 1193 2842 vigor.

322 2854 448 2910 hacvooe
458 2849 839 2921 respicituradludosjocnla·
885 2855 886 2858 ’
920 2849 978 2902 355.
989 2849 1031 2902 De
1044 2855 1156 2903 restibus
1167 2847 1216 2904 illis
1227 2853 1298 2903 altis
1309 2851 1400 2904 confer

321 2953 364 2986 res
374 2943 401 2985 et
409 2931 530 2996 lascivos,
543 2929 639 2997 quihus
649 2927 838 2998 tragediarum
888 2925 939 2995 lV,
952 2929 1009 3001 619.
1018 2955 1052 2968 -··
1065 2931 1139 2981 Cultu
1152 2931 1244 2981 decens
1252 2937 1308 2990 est,
1323 2927 1399 2980 hahet

324 3011 436 3082 gravitas
450 3010 610 3079 opponitur,
625 3027 694 3078 qua,
711 3027 772 3079 quse
784 3009 839 3064 de·
886 3017 1002 3073 vestem,
1019 3025 1130 3075 eamque
1142 3007 1274 3060 decoram.
1286 3005 1330 3058 De
1342 3025 1398 3058 ner·

323 3091 455 3145 lectantur
473 3086 548 3153 deae,
566 3090 721 3141 coiiumatu
736 3087 780 3140 hic
792 3086 839 3140 di·
885 3087 1158 3140 sr'colorevestimento
1165 3085 1252 3142 Florae
1259 3085 1290 3140 ad
1296 3107 1333 3140 vs.
1343 3105 1397 3154 ²¹7·

322 3177 428 3220 cuntur.
435 3165 628 3218 Teubnerusin
636 3164 695 3218 lud.
703 3183 761 3218 non
770 3166 837 3219 bene
887 3163 946 3216 Tali
959 3165 1056 3219 amictu
1069 3166 1106 3217 nti
1116 3165 1271 3219 mulieribus
1282 3164 1398 3218 romanis

324 3244 388 3299 deas
404 3243 520 3312 maiores
535 3255 563 3297 et
578 3246 726 3314 superiores
745 3245 838 3298 inter-
882 3241 1058 3296 interdictum
1078 3253 1134 3298 erat
1152 3243 1210 3312 lege
1225 3241 1333 3313 Oppia;
1349 3243 1394 3295 lt-

323 3330 451 3391 pretatur.
459 3316 596 3371 (interum
604 3319 719 3372 similem
726 3329 839 3373 senten·
885 3319 961 3387 vius,
974 3321 1115 3389 XXXIV,
1134 3341 1154 3374 ι.
1170 3349 1204 3363 -
1217 3322 1272 3376 Pro
1284 3323 1322 3376 Ei
1331 3325 1399 3374 color

326 3401 392 3454 dam
405 3399 534 3451 habemus
546 3396 616 3452 inira
627 3417 705 3452 versu
718 3401 784 3470 598,
803 3399 837 3452 de
885 3399 987 3468 primns
997 3399 1163 3454 Ambrosian.
1175 3399 1257 3468 Leti,
1270 3401 1396 3453 Manain.

325 3482 438 3536 Μανιος
453 3482 512 3534 Non
529 3485 588 3532 visa
603 3493 645 3535 est
652 3481 749 3550 sorim
760 3501 839 3536 seen
886 3479 1076 3533 Zulichemian.
1090 3492 1117 3534 et
1132 3481 1187 3534 duo
1205 3481 1246 3534 alii
1262 3483 1303 3535 A!
1314 3485 1392 3543 color,

323 3566 411 3617 decere
421 3563 503 3613 dem
515 3585 549 3599 -
560 3558 625 3611 Mor
641 3560 768 3614 Heinsius
778 3567 838 3615 cele·
887 3556 958 3627 quod
970 3559 1054 3628 placet
1064 3559 1185 3612 Heinsio.
1196 3559 1285 3614 Etiam
1296 3569 1323 3613 e!
1331 3561 1396 3612 bene

324 3647 396 3694 irent
406 3658 463 3693 non
473 3637 567 3692 nisiex
578 3638 666 3707 primo
674 3637 839 3694 Bononiensi
885 3657 913 3691 se
924 3637 1016 3705 habet,
1027 3641 1087 3708 quia
1096 3638 1128 3691 ad
1138 3638 1268 3710 duplicem
1277 3641 1398 3710 quatio·

324 3713 840 3786 edidit.·-Eaedr'fficr‘ir‘petenda,difflcnl·
886 3735 951 3770 nem
962 3716 1146 3786 respondetur.
1155 3719 1336 3778 -dcca'deoe,
1351 3737 1397 3772 ca-

323 3809 366 3852 ter
377 3793 548 3852 invenienda.
560 3797 667 3848 Salem
677 3813 759 3848 causa
770 3815 839 3866 sape
885 3795 961 3860 dere,
969 3796 1080 3848 verbum
1088 3797 1165 3850 bonu
1173 3807 1258 3864 notre,
1268 3809 1298 3851 ut
1307 3797 1397 3852 Heius.

325 3875 432 3941 dieitur,
441 3874 513 3944 quod
520 3873 647 3928 Heinsius
654 3873 780 3943 exemplis
790 3874 841 3926 do·
887 3871 920 3925 nd
932 3873 1004 3925 hunc
1013 3873 1119 3941 locum,
1136 3885 1163 3928 et
1178 3873 1210 3927 ad
1225 3875 1335 3939 Silium,
1349 3873 1395 3940 lV,

325 3965 376 4007 cet.
395 3957 510 4008 peream
523 3951 596 4006 idern
617 3971 632 4006 e
646 3951 750 4007 duobus
766 3955 839 4009 MSS
888 3953 951 4019 238,
964 3952 1071 4014 docuit;
1092 3965 1119 4005 et
1132 3953 1264 4022 reperitur
1280 3953 1307 4006 in
1325 3953 1396 4006 MSS

325 4031 531 4100 sumsit3plures
541 4031 839 4099 huhentpetirasubes15
888 4031 1020 4086 veteribus
1028 4031 1397 4102 plerisquetvulgoautemde·

326 4112 435 4180 plurimi
449 4117 531 4178 petita
540 4113 605 4178 sur't.
619 4109 695 4166 Olim
713 4111 840 4166 edebatur
888 4115 971 4165 risere
980 4111 1076 4188 editur.
1088 4111 1170 4165 Rosos
1180 4109 1295 4178 deiectas
1305 4131 1359 4165 esse
1370 4112 1395 4165 in
1478 4159 1484 4174 ,

326 4195 430 4257 coffnr'ta
439 4190 598 4257 causafur'15
611 4190 654 4243 stit
666 4190 840 4246 atine-lte·
887 4207 992 4243 mensas
1003 4189 1200 4243 convivantium
1211 4191 1265 4258 jam
1276 4209 1343 4244 vers.
1350 4189 1396 4242 336

327 4272 362 4341 gii
372 4269 457 4323 nostri
468 4268 567 4323 liabent
571 4275 659 4343 petrin
660 4269 724 4338 suit.
889 4268 1010 4323 vidimus.
1030 4271 1089 4324 Hae
1109 4269 1189 4339 igitur
1209 4267 1394 4333 similitudine,
