3025 5009
438 431 493 502 tn
518 429 700 502 ovmn
724 430 940 501 rnsros.
1158 433 1221 518 toi

155 574 346 676 frequenter
358 571 575 660 desideratur,
592 572 627 645 in
640 570 845 674 mythologie
854 571 999 672 denique
1008 589 1108 676 atque
1117 573 1227 675 poetis

155 687 329 789 mythicis,
350 687 408 788 qui
433 685 538 781 signis
560 684 746 760 caelestibus
769 683 900 759 fabulas
922 713 999 760 suas
1022 687 1226 772 adnectunt3

156 801 289 876 siderum
308 816 391 875 ortos
412 816 443 874 et
463 799 589 876 'occasus
604 801 702 876 annm
721 801 765 874 ad
782 802 859 876 anni
879 819 1028 908 tempora
1050 801 1227 877 indicanda

157 919 201 992 ita
216 915 259 990 ab
269 915 425 990 omnibus
442 915 639 1016 scriptorum
653 917 831 1012 generibus
841 917 965 1019 recepti
978 936 1074 1005 sunt,
1088 934 1127 991 ut
1139 948 1229 1020 quo-

157 1034 329 1122 rumdam,
354 1032 536 1135 praesertim
561 1032 760 1134 scriptorum
783 1033 831 1108 rei
851 1033 1000 1124 rustica,
1018 1035 1091 1108 sine
1114 1062 1230 1110 eorum

158 1151 350 1249 cognitione
359 1149 451 1224 nulla
460 1149 597 1223 omnino
604 1147 826 1247 intelligentia
836 1151 881 1226 sit
891 1159 913 1223 ¹.
927 1153 1017 1226 Etre
1027 1179 1102 1228 vera
1110 1151 1230 1254 priscis

157 1269 223 1344 iliis
238 1267 434 1343 hominibus
447 1325 455 1353 ,
467 1259 642 1368 'praecipue
663 1267 806 1356 Grecis,
823 1269 859 1341 in
875 1266 964 1341 felici
982 1286 1076 1344 terra
1092 1270 1230 1365 regione

157 1415 218 1489 per
243 1403 320 1459 octo
336 1384 404 1458 fere
422 1383 498 1457 anni
516 1411 646 1458 menses
663 1411 748 1483 saepe
766 1399 881 1457 noctes
900 1381 1055 1485 diesque,
1072 1383 1153 1458 dum
1169 1413 1231 1458 ne-

70 1497 76 1506 ’
158 1497 260 1595 gotiis
271 1497 459 1592 agrestibus
468 1514 502 1570 et
514 1525 651 1593 gregum
665 1494 777 1571 tutelae
790 1524 926 1598 operam
939 1495 1081 1585 dabant,
1093 1498 1158 1572 sub
1173 1497 1230 1571 dio

143 1695 146 1702 ,
159 1615 358 1712 degentibus
371 1611 440 1688 caeli
457 1613 668 1716 splendidum
681 1614 905 1718 spectaculum
912 1614 1013 1689 nimis
1028 1644 1063 1689 se
1076 1615 1231 1712 ingessit,
1327 1644 1329 1647 ·

160 1733 242 1835 quin
266 1731 308 1805 ad
326 1731 433 1806 sidera
456 1729 513 1804 iila
537 1731 683 1805 animum
710 1731 901 1820 intendere,
927 1731 1155 1832 splendidiora
1181 1733 1232 1807 di-

159 1873 337 1944 gnoscere,
362 1864 395 1918 et
411 1863 520 1933 certa,
548 1845 673 1946 quibus
691 1844 726 1918 iu
741 1844 823 1918 calo
842 1845 1091 1946 conspiciantur
1107 1847 1158 1922 rel
1173 1877 1233 1922 an-

159 1961 309 2059 fugiant,
330 1980 479 2063 tempora
490 1961 664 2037 observare
676 1961 881 2037 debuissent
902 1965 947 2034 Et
959 1961 1006 2036 ita
1012 1961 1079 2060 jam
1092 1964 1233 2038 Hesiodi

160 2095 253 2153 atate
271 2077 312 2153 ad
333 2077 597 2179 splendidiorum
614 2077 760 2152 siderum
776 2095 871 2152 ortus
894 2095 929 2152 et
948 2106 1084 2152 occasus
1100 2081 1233 2175 negotia

160 2197 285 2273 rustica
301 2197 479 2284 distribui,
498 2196 576 2269 anni
587 2213 699 2297 partes
713 2196 853 2295 majores
871 2195 1053 2294 distingui,
1067 2197 1135 2296 jam
1143 2198 1236 2299 apud

161 2314 346 2387 Homerum
360 2312 453 2386 navis
466 2339 598 2385 cursum
610 2299 651 2385 ad
664 2328 831 2384 astrorum
848 2312 948 2386 situm
965 2312 1082 2408 dirigi,
1098 2313 1236 2415 caelique

160 2431 312 2528 regiones
328 2431 405 2504 inde
420 2447 523 2503 noctu
541 2427 693 2523 dignosci
717 2427 867 2502 videmus
886 2439 910 2503 ².
939 2430 1017 2504 Sine
1040 2430 1107 2505 ulla
1124 2450 1233 2506 autern

162 2550 202 2626 de
229 2548 298 2624 caeli
323 2565 441 2624 natura
459 2547 564 2649 deque
583 2546 691 2620 causis
707 2545 808 2645 hujus
826 2563 938 2620 motos
962 2549 1176 2644 cognitione,
1201 2567 1237 2624 et

162 2667 289 2768 absque
314 2664 606 2750 observationibus
624 2663 888 2738 accuratioribus
913 2693 1005 2753 earn,
1031 2696 1129 2767 qnam
1148 2667 1235 2741 dixi-

162 2811 255 2871 mus,
272 2781 416 2856 siderum
428 2780 693 2856 observationem
705 2779 845 2876 cogitari
861 2800 1114 2883 posseetperse
1128 2801 1235 2885 patet,

164 2917 197 2974 et
215 2916 333 2973 contra
349 2897 464 3002 Botty
473 2897 538 2996 jam
556 2893 654 2970 multi
669 2895 896 2970 adstruerunt.
913 2899 1088 2994 Quatenus
1105 2901 1141 2972 in
1156 2928 1238 2976 ocu·

165 3010 217 3087 los
234 3011 463 3096 incurrebant,
479 3028 574 3085 ortus
587 3027 621 3083 et
635 3037 772 3084 occasus
784 3027 863 3084 tunc
873 3009 998 3086 incaelo
1012 3013 1236 3100 notabantur,

167 3126 208 3201 de
227 3125 362 3228 sphaera
380 3125 604 3224 descriptione
630 3142 662 3198 et
684 3124 856 3198 notatione
873 3125 909 3198 in
931 3141 1143 3224 παραπήγμασι
1158 3127 1238 3204 nul-

164 3238 235 3314 lum
248 3239 357 3313 adbuc
375 3239 560 3334 vestigium.

213 3357 258 3430 ll.
278 3351 402 3429 Thales
428 3353 558 3455 primus
585 3352 822 3428 astronomiam
839 3354 1034 3456 sphericum
1051 3375 1086 3432 et
1103 3358 1239 3461 sphaera

200 3575 208 3606 ¹
228 3569 383 3626 Aristoteles
396 3571 431 3623 ita
445 3569 584 3639 saepissime
602 3577 678 3620 tem·
727 3570 865 3623 notatione
882 3591 950 3642 stepo
968 3582 1098 3640 utuntur,
1120 3584 1148 3627 et
1165 3574 1240 3644 plura
1353 3613 1358 3622 -

164 3669 263 3724 porum
277 3649 426 3703 notationes
438 3667 453 3698 a
463 3646 591 3700 sideribus
605 3646 678 3714 petit.
728 3647 860 3714 ejusmodi
873 3651 992 3719 exempla
1004 3660 1106 3703 exstant
1117 3669 1157 3720 ap.
1170 3653 1241 3705 Thn-

167 3732 238 3786 Hiar.
251 3729 331 3782 anim.
345 3727 431 3792 vtlt,
449 3729 492 3791 15,
507 3723 540 3776 de
556 3724 678 3776 tbunnis:
728 3728 844 3794 csdr'denr
854 3737 882 3779 et
891 3729 1032 3798 Polybium.

165 3819 206 3864 καὶ
226 3811 338 3882 ἄρχονται
357 3810 495 3879 superindue
514 3803 557 3855 ἐπὶ
575 3804 679 3860 :irrides
761 3801 875 3873 ²0dyto.
889 3805 931 3871 V,
947 3826 1046 3875 ayn-
1057 3808 1168 3863 Hesiod,
1180 3836 1239 3886 φρ,

166 3891 278 3948 donatis
305 3887 378 3952 μίχι
404 3883 523 3956 dlezrsqoofi
548 3883 631 3938 δύσιως
654 3883 680 3932 ei
728 3877 1240 3957 383,564,597‚609‚614‚Amiqui5.

164 3971 281 4032 ἵσχατους
296 3909 380 4023 vni,
395 3959 679 4026 14‚deqn1'busdamria-
728 3958 825 4012 simum
835 3960 897 4014 Jobi
904 3981 1012 4016 carmen
1021 3965 1091 4033 apud
1099 3967 1183 4020 Hebe.
1192 3987 1242 4021 no-

167 4047 260 4102 seco's,
277 4041 421 4106 ἦσυχᾶζσυσι
433 4043 457 4090 di
469 4037 624 4094 intentetur
637 4040 679 4089 δυ’·
729 4036 891 4090 vitPleiadas
899 4077 906 4104 ,
915 4040 1033 4111 Hyadas,
1043 4041 1239 4114 Oricumque,

168 4147 227 4183 arose
236 4125 307 4191 με’χρι
316 4129 356 4174 τοῦ
366 4125 443 4194 iopes,
455 4116 680 4185 eiiiasoepistime.
731 4113 787 4179 lx,
802 4132 835 4184 9,
848 4125 875 4168 ei
889 4115 1032 4172 draconem
1041 4123 1240 4191 septemtriona-

168 4199 319 4271 lpsirerum
326 4195 466 4265 scriptores
474 4193 522 4249 bae
530 4205 681 4262 temporum
730 4193 798 4262 iem,
809 4211 864 4263 cap.
875 4210 957 4263 xm,
972 4201 1009 4264 ¹4

289 4297 357 4366 VI.
1046 4306 1086 4368 31
