3025 5009
469 474 773 548 PASTORUM
803 483 901 552 LIB.
934 489 1013 556 111.

205 607 311 685 Tollit
325 611 431 686 humo
446 641 589 704 munus,
609 644 689 692 cresc
703 620 800 720 prius
816 619 871 697 ille
887 624 1045 724 juvenca,

254 728 340 826 Quae
355 730 490 808 dederat
506 732 592 808 nulli
609 735 694 810 colla
710 739 887 839 premenda
902 743 985 842 jugo
999 773 1008 834 ;

207 843 313 946 quue
330 846 435 921 ancile
449 867 564 939 vocat,
586 851 677 952 quod
693 854 736 926 ab
755 857 848 928 omni
865 878 957 958 parte
974 861 1114 937 recisum
1133 884 1206 957 est;
1292 953 1299 966 ‚

257 960 402 1063 Quaque
419 980 517 1038 notes
535 963 661 1055 oculis,
677 967 821 1063 angulus
840 973 950 1048 onmis
970 975 1074 1050 abest.

208 1078 315 1168 Turn,
333 1107 461 1155 memor
474 1082 605 1184 imperii
621 1103 743 1160 sortem
760 1089 940 1166 consistere
957 1094 992 1166 in
1008 1091 1088 1187 illo,

259 1193 446 1269 Consilium
459 1195 572 1270 multu
586 1197 776 1275 calliditatis
790 1201 863 1276 init.

209 1309 310 1385 Plura
323 1311 419 1411 jubet
434 1313 506 1388 fieri
522 1315 625 1390 simili
642 1317 753 1392 caeluta
770 1318 893 1416 ligura,

257 1426 363 1500 Error
378 1446 418 1501 nt
432 1447 509 1503 unte
526 1430 641 1506 oculos
657 1431 844 1508 insidiantis
862 1453 923 1508 eat.

208 1539 415 1631 Mamurius,
430 1571 562 1619 morum
579 1546 722 1622 fahraene
736 1549 882 1623 exactior
893 1549 991 1638 artis,

257 1653 404 1730 Difficile
419 1676 489 1747 est,
508 1656 613 1750 illud,
632 1662 760 1752 dicere,
776 1660 894 1737 clausit
912 1691 1008 1765 opus.
1255 1753 1265 1774 Ι

209 1767 273 1842 Cui
291 1771 401 1845 Numa
414 1773 611 1864 munificus,
630 1777 721 1850 Facti
739 1793 816 1877 pete
829 1778 983 1879 prumia,
1001 1776 1107 1852 dixit:
1230 1803 1282 1858 385

258 1883 295 1956 Si
311 1914 384 1960 mea
398 1905 480 1964 notu
495 1889 596 1980 fides,
616 1890 709 1964 irritu
723 1889 817 1964 nulla
832 1909 936 1991 petes.

208 1999 284 2074 lam
297 2001 433 2078 dederat
447 2003 567 2094 Saliis,
585 2034 604 2078 u
621 2003 709 2080 saltu
725 2004 862 2078 nomina
877 2004 1024 2095 ducunt,

251 2202 309 2271 377·
329 2201 484 2257 Secundum
501 2205 615 2274 Julian,
638 2226 718 2276 quem
766 2202 874 2258 finitimi
882 2203 1008 2257 solebant.
1018 2204 1282 2260 Uterrorauteoculos

209 2277 343 2334 Plutarch.
355 2281 426 2337 dicto
437 2283 494 2338 loco
504 2289 642 2356 excerpsit,
655 2289 721 2342 scri·
766 2294 815 2337 eat.
826 2281 870 2336 Sic
881 2280 1106 2347 exornavitittnd,
1119 2291 1148 2334 ut
1159 2283 1213 2350 jam
1222 2284 1282 2336 insi·

208 2355 327 2411 bendum
337 2357 407 2413 soret
416 2366 518 2434 arcyle,
534 2364 614 2433 idque
627 2387 719 2437 ιμπ-
767 2363 842 2416 diane
852 2361 945 2415 dubius
953 2361 1058 2416 hereat
1070 2363 1150 2413 Error
1159 2362 1280 2415 etiamde

208 2454 241 2488 to
253 2437 349 2505 ἇγιὺλον
362 2477 370 2505 ,
388 2459 518 2510 currum,
536 2443 718 2501 derivandum.
766 2440 954 2496 incertitudine
970 2440 1073 2494 dicitur.
1085 2467 1118 2480 ·-
1130 2442 1281 2494 Mamurr'um

208 2514 263 2569 Sed
276 2515 431 2573 Plutarchus
441 2520 495 2589 ipse
507 2521 540 2577 de
552 2525 718 2598 hacerymo-
767 2521 861 2593 (quem
868 2521 943 2574 multi
951 2519 1024 2574 MSS
1030 2521 1203 2610 Mamurium,
1213 2539 1282 2574 non·

207 2596 552 2672 togiadubirat,pturesque
565 2605 718 2662 atimffere
769 2599 834 2652 nuttt
846 2601 1040 2658 Mammium,
1066 2596 1210 2668 Dionysius
1228 2608 1283 2652 u«-

208 2676 241 2729 ln
254 2676 325 2732 lihris
340 2678 427 2735 latinis
443 2683 540 2752 ubique
557 2690 642 2739 auerte
653 2689 720 2740 scri-
767 2685 846 2755 μὸμσν
858 2718 867 2745 ,
879 2674 994 2746 vocant)
1006 2675 1162 2730 Plutarchus
1180 2676 1212 2728 ch
1229 2687 1285 2730 arte

206 2751 294 2820 hilum
307 2756 552 2813 elslcetrihendum
559 2773 599 2816 eet
611 2783 642 2817 ex
653 2764 719 2820 Ovi·
767 2767 872 2811 lantum
881 2756 979 2822 laudat,
991 2759 1031 2810 tva
1037 2766 1082 2810 τῶν
1089 2759 1162 2830 ἄκρων
1173 2760 1285 2845 deputave-

205 2831 244 2885 dii
261 2833 445 2904 derivatione,
465 2857 578 2908 quaeum
598 2861 719 2896 consen-
767 2835 1070 2904 qumedrrorurretiern
1082 2833 1152 2886 sama
1162 2832 1288 2923 floruerit.

206 2909 276 2964 tiunt
287 2949 297 2978 ,
309 2931 368 2981 quse
381 2913 475 2968 Festus
488 2915 567 2970 habet
578 2937 585 2972 ς
598 2939 612 2964 α
625 2919 718 2974 Aneik
768 2933 872 2970 necesse
887 2925 934 2968 est.
947 2941 981 2953 -
994 2913 1019 2966 le
1030 2916 1139 2974 clausit,
1157 2912 1281 3002 absolvit,

208 2993 490 3061 »routmquiaer
508 3005 622 3066 utroque
637 2998 718 3054 latere
768 2991 990 3060 opus,adquod
1009 2991 1148 3060 postellus
1168 3001 1283 3044 arcemur.

208 3087 225 3115 κ
234 3078 292 3121 erat
308 3069 439 3138 recisum,
451 3081 482 3124 ut
497 3091 633 3127 summum
649 3076 718 3129 infr·
768 3069 1283 3139 Lenniusclausitiuterpretatur,rhum·

210 3167 225 3193 ²
235 3166 364 3218 mumque
376 3150 443 3204 latus
449 3162 558 3221 pateret.
568 3174 582 3200 1·
590 3153 720 3209 Similiter
767 3152 797 3204 ni
810 3161 884 3221 parte
896 3149 1042 3202 rotundum
1050 3149 1112 3202 lecit
1120 3188 1129 3214 ,
1138 3149 1202 3202 orbe
1210 3158 1284 3201 certo

207 3223 409 3282 sereVarrolih.
420 3229 631 3285 lV.Secundum
641 3251 720 3286 eum·
767 3228 880 3282 inclusit.
896 3226 949 3281 Sed
966 3230 1084 3279 claudere
1098 3226 1178 3278 etiarn
1191 3226 1283 3278 notio-

209 3305 272 3360 dem
283 3306 327 3360 lib.
335 3308 391 3374 Vl,
405 3327 429 3378 p.
445 3311 493 3379 78,
503 3309 529 3363 in
540 3311 657 3364 carmine
668 3312 718 3366 Sa-
767 3325 832 3360 nem
844 3304 994 3359 absolvendi
1004 3303 1113 3371 hahere,
1125 3303 1282 3358 docetDra-

207 3383 265 3439 lirri
282 3390 385 3441 misia
396 3387 523 3457 scriptum
539 3400 603 3445 erat.
620 3391 719 3445 Forma
767 3386 845 3440 kenb.
857 3384 890 3438 nd
900 3385 994 3439 Silium
1004 3423 1012 3452 ,
1022 3384 1090 3438 Xlll
1101 3421 1108 3450 ,
1121 3383 1285 3437 tto-nod

209 3461 279 3532 apud
287 3463 459 3517 Plutarchum
469 3465 588 3535 pluribus
594 3466 720 3520 describi-
768 3481 833 3534 opus
842 3463 968 3516 Heinsius
976 3482 1007 3516 ex
1015 3460 1206 3516 Ursinicodice
1218 3479 1281 3530 prce-

208 3541 406 3595 turzorhirnon
417 3551 467 3607 est,
475 3561 535 3610 nec,
546 3543 651 3612 qualern
662 3545 720 3614 pel-
768 3543 835 3596 tulit.
844 3543 932 3614 Vulgo
939 3547 999 3604 ulli,
1010 3540 1081 3610 quod
1091 3539 1218 3594 Krebsius
1226 3550 1282 3594 tue·

208 3630 248 3687 ta,
261 3621 401 3676 cirtuihrm
412 3621 568 3687 heheu-sed
582 3623 655 3678 sinus
669 3644 719 3678 re-
768 3631 820 3676 tur·
833 3621 961 3675 Nonnulli
973 3623 1021 3672 illi.
1032 3619 1063 3674 ln
1075 3618 1178 3672 Heiusii
1191 3616 1282 3670 lectio·

207 3698 259 3752 sert
274 3699 351 3752 linea
372 3709 514 3765 tortuose,
537 3700 613 3768 cujus
634 3701 720 3770 apices
769 3721 803 3754 ne
815 3719 877 3755 sune
889 3699 998 3770 trajecta
1010 3717 1065 3752 non
1074 3699 1141 3751 hene
1154 3705 1283 3749 suntver·

206 3773 366 3841 flectuntur,
383 3786 411 3828 et
421 3774 550 3830 densitate
563 3777 591 3830 in
603 3797 631 3830 se
648 3796 719 3831 con·
768 3780 816 3843 bec
828 3777 873 3833 sed
887 3797 936 3832 nec
954 3781 1005 3830 ulli
1017 3791 1177 3844 magnopere
1189 3772 1282 3840 placet.

207 3865 327 3907 currunt.
344 3853 502 3925 Dionysius,
521 3853 565 3920 ll,
584 3873 629 3921 γι,
640 3866 720 3924 negat
768 3860 929 3916 -Eaeactns,
944 3853 1089 3926 perlectus,
1099 3870 1173 3905 nunc
1183 3872 1281 3906 secun·

208 3946 320 4000 usquam
330 3931 481 3985 raterium
492 3932 585 3987 errein
593 3932 669 3987 ltalia
678 3945 721 3987 ta·
769 3935 834 3990 dum
849 3953 938 3989 casum
951 3933 1106 4002 adjunctum
1123 3930 1211 3985 habet.

207 4009 262 4063 lem
273 4010 395 4080 liguram.
803 4015 986 4084 387.Asaeltu,
1001 4030 1016 4065 a
1029 4011 1284 4082 tripudiis,quibus-

240 4089 423 4151 dds-Plura,
434 4088 566 4158 permulta
576 4087 720 4161 Dionysius
768 4111 829 4148 eum
845 4093 937 4147 ancilia
950 4093 1101 4163 gestabant,
1120 4111 1168 4161 per
1180 4093 1283 4146 urbem.

208 4167 509 4223 aite-Caelatanuncnil
520 4169 721 4238 nisi-eumn„
770 4170 944 4238 Plutarchus,
965 4172 1009 4224 ἆυ·
1026 4183 1068 4232 ete
1084 4173 1200 4246 δρχέηως
1217 4174 1284 4226 etre-

208 4245 368 4316 Pignoribus
380 4247 485 4317 imperii
502 4249 624 4303 t'nst'lt'an‘
631 4247 721 4317 populi
770 4259 830 4314 κῆιῑ
844 4245 1002 4318 Dionysius,
1016 4249 1060 4302 ἀεὶ
1080 4259 1121 4309 τῖς
1133 4253 1236 4304 crurium
1248 4272 1284 4304 re·
