3025 5009
402 488 718 559 FASTORUM
742 492 844 561 LIB.
873 496 927 560 ΙΙ.

176 630 314 730 Separat
331 626 457 702 indicio
474 630 531 731 qui
550 625 643 706 Deus
660 660 736 707 arva
750 612 827 708 isco.

1145 498 1208 590 139

1157 658 1209 724 640

130 747 304 832 Termine,
323 745 392 819 sive
409 743 514 845 lapis,
534 748 602 822 sive
620 776 655 823 es
674 748 828 823 defossus
840 749 877 822 in
892 776 973 844 agro

178 864 290 963 Stipes
308 863 350 935 ab
368 863 536 963 antiquis,
556 863 604 937 sic
621 892 758 965 quoque
773 884 898 939 nunoen
915 865 1029 940 babes.

130 982 178 1053 Tc
195 978 263 1052 duo
284 979 412 1053 diversa
430 978 558 1052 domini
575 1007 639 1081 pro
657 998 753 1081 parte
774 999 960 1069 coronant,

177 1096 332 1197 Binaque
350 1112 437 1169 serta
455 1095 538 1183 tibi,
557 1096 704 1197 binaque
722 1095 792 1171 liba
808 1096 931 1171 serunt.

130 1214 197 1285 llra
214 1211 253 1285 fit
269 1243 276 1283 :
291 1212 358 1284 buc
375 1210 486 1307 ignem
504 1231 601 1286 curto
618 1213 684 1287 sert
699 1213 826 1285 rustica
843 1229 930 1286 testu

179 1329 334 1401 Sumtum
351 1328 392 1402 de
411 1328 535 1430 tepidis
550 1330 624 1431 ipsa
642 1329 764 1403 colona
779 1329 876 1403 focis.

129 1444 237 1541 Ligna
253 1472 353 1518 senex
370 1445 512 1532 minuit,
532 1447 731 1547 concisaque
747 1446 916 1519 construit
932 1443 1016 1531 alte;

129 1612 317 1681 malitpersua
332 1611 390 1681 (illi
405 1612 565 1669 solemnitati
579 1634 645 1668 con-

128 1690 277 1760 gruentia)
294 1703 340 1745 aut
355 1696 422 1756 tona
438 1697 524 1746 verba.
541 1695 646 1748 Verum

127 1788 203 1823 sacra
214 1782 324 1840 possum
334 1782 362 1824 et
370 1790 425 1825 esse
433 1770 533 1838 fausta,
545 1771 645 1842 felicia,

130 1859 158 1901 ut
167 1848 256 1902 Tibul.
270 1850 312 1915 ll,
322 1866 350 1915 v,
362 1853 407 1917 82,
421 1872 434 1897 κ
445 1870 519 1904 sacer
529 1870 622 1905 annus.
632 1876 645 1899 u

131 1924 645 1983 lileverooll'enditduriorususetverbi

129 2004 251 2074 suffitum·
259 2018 286 2059 et
294 2008 424 2076 preposit.
429 2028 483 2075 per.
494 2008 593 2063 Sensus
605 2020 646 2063 ta-

130 2102 191 2137 men
209 2086 442 2154 apertus-Paulo
454 2098 514 2140 ante
527 2108 576 2159 pro
583 2108 644 2155 pre·

129 2164 485 2233 eatren'munuHeinsqoum
494 2166 548 2218 duo
553 2186 647 2233 preca-

129 2250 186 2295 tm
196 2262 289 2306 mauu,
309 2262 378 2296 unus
390 2264 481 2297 manus
493 2244 645 2313 exhiberet,

130 2320 202 2374 dedit
209 2332 352 2389 precatore
357 2342 455 2375 marrus.
465 2324 572 2377 Servavi
580 2323 644 2390 boc,

130 2418 292 2468 quamquam
309 2400 497 2456 emendatione
511 2422 566 2455 non
580 2421 646 2473 opus

131 2478 227 2532 luisset.

161 2556 288 2629 639-684.
302 2560 519 2615 Termr'nalr'aVll
531 2560 646 2615 Kalend.

131 2634 211 2687 Mart.
229 2636 320 2689 Numa
336 2636 434 2707 lapides
452 2640 515 2707 poni
535 2640 647 2708 jusserat

129 2712 156 2764 in
164 2732 290 2781 agrorum
302 2714 416 2781 linibus,
428 2718 473 2785 qui
482 2716 547 2769 sacri
559 2727 647 2770 essent

130 2791 346 2845 JoriTerminali
355 2833 363 2859 ,
373 2803 399 2845 et
410 2812 482 2847 sarra
493 2794 645 2860 addiderat,

130 2889 186 2939 quae
199 2858 343 2940 quotanitis
356 2870 399 2925 die
411 2882 478 2925 stato
490 2872 521 2925 ad
535 2873 592 2926 illos
603 2873 646 2925 la-

129 2948 202 3019 pides
216 2950 331 3015 fierent3
345 2951 425 3020 quin,
438 2952 554 3021 publicos
565 2953 646 3005 etiam

130 3048 205 3096 agros
213 3029 335 3083 terminis
344 3030 495 3099 complexus
504 3040 574 3093 erat;
584 3030 648 3083 Dio·

129 3125 186 3179 nys.
200 3108 246 3174 ll,
265 3128 321 3177 cap.
339 3111 378 3176 7l,.
396 3106 499 3161 Conler
513 3108 647 3162 Plutarch.

131 3184 212 3237 Num.
223 3204 279 3255 cap.
293 3186 332 3251 ιδ,
345 3194 372 3237 et
381 3186 482 3253 Quaest.
490 3187 569 3240 Rom.
582 3198 646 3241 tom.

131 3262 185 3317 Vll
196 3304 203 3330 ‚
213 3284 239 3334 p.
249 3265 297 3329 833
308 3264 425 3319 Lactant.
434 3264 467 3318 de
477 3265 544 3319 Fals.
555 3266 613 3319 Rel.
621 3268 645 3333 l,

131 3358 182 3409 xx,
194 3343 225 3415 37
237 3361 295 3412 sqq.
303 3342 401 3396 Noster
408 3342 499 3397 Deum
508 3344 594 3413 ipsum
603 3385 610 3412 ,
619 3354 647 3399 et

129 3421 205 3475 latius
216 3422 274 3489 ejus
283 3442 355 3475 sacra
363 3422 500 3489 describit,
513 3422 646 3495 hymnum

130 3497 234 3568 adjicit,
253 3501 428 3555 constantiam
444 3502 501 3571 ejus
517 3502 544 3555 in
563 3502 647 3557 resis-

129 3578 210 3634 tendo
225 3582 356 3649 celebrat,
376 3603 518 3653 precesque
535 3584 567 3637 ad
582 3603 646 3639 eum

129 3656 224 3712 fundit.
242 3658 348 3715 Desinit
366 3662 393 3714 in
409 3662 569 3716 Terminum
589 3664 648 3717 im-

129 3738 194 3805 perii
210 3740 325 3791 romani.

160 3817 217 3883 641.
231 3819 290 3870 sive
300 3823 369 3886 lapr's
380 3830 428 3873 etc.
443 3820 561 3874 Lactant.
576 3842 589 3867 s
602 3820 647 3875 la-

128 3914 143 3938 »
156 3893 246 3963 pidem
257 3895 349 3949 colunt
359 3896 503 3951 inlormcm
512 3910 590 3967 atque
600 3918 648 3951 ru-

130 3992 144 4018 »
156 3970 218 4025 dem
229 4013 237 4039 ,
251 3974 294 4027 cui
306 3994 408 4028 nomen
421 3986 460 4029 est
468 3977 647 4031 Terminus...

130 4070 145 4095 s
157 4051 201 4119 qui
219 4051 295 4105 Deus
308 4072 363 4105 non
377 4064 482 4107 tantum
500 4055 563 4133 lapis
577 4096 584 4122 ,
601 4055 647 4109 sed

131 4152 145 4177 ν
157 4131 238 4183 etiam
247 4133 326 4201 stipes
339 4134 474 4187 interdum
487 4145 534 4187 cst.
544 4158 557 4181 ν
572 4133 650 4188 Con·

130 4208 169 4260 ser
182 4208 207 4261 Τ
209 4210 270 4262 ibul.
285 4212 315 4277 l,
328 4227 355 4277 1,
371 4232 409 4264 ιι.
422 4214 481 4267 llos
492 4214 560 4283 ipsos
573 4214 648 4267 Tcr-

132 4286 217 4341 minos
226 4288 299 4343 Deos
308 4310 363 4344 esse
373 4290 516 4346 credebaut
524 4312 530 4355 ς
538 4290 649 4364 Dionys.

694 1621 761 1675 Stetit
775 1621 881 1682 ἦγοῦνται
898 1620 949 1674 τοὺς
965 1617 1081 1689 τὶρμονας.
1096 1640 1131 1653 -·
1141 1613 1214 1668 Hinc

694 1694 802 1747 additur
813 1699 853 1745 sr‘c
863 1712 959 1762 quoque
970 1692 1116 1747 sterilitas
1127 1704 1215 1746 mate-

694 1770 741 1824 rite
751 1789 807 1823 non
819 1768 941 1839 impedit,
950 1788 1004 1838 quo
1012 1769 1102 1831 minus
1110 1788 1213 1823 numen

694 1849 792 1903 habeas
803 1868 810 1902 r
823 1855 863 1903 sr'c
875 1869 971 1919 quoque
984 1859 1131 1919 agnoscunt
1144 1849 1216 1902 Got-

696 1926 784 1998 torph.
794 1939 821 1981 et
832 1938 885 1981 tres
892 1929 936 1981 alii
945 1950 952 1991 ;
962 1930 1051 1981 caeteri
1060 1968 1067 1995 ,
1077 1938 1215 1998 lupusque.

727 2009 785 2074 643.
805 2007 884 2059 Sacra
897 2007 1021 2059 Termini
1033 2006 1175 2077 diligenter
1186 2016 1215 2059 et

694 2085 812 2155 jucunde
827 2085 964 2156 descripta.
977 2115 1011 2127 -
1024 2088 1085 2139 Duo
1102 2089 1211 2145 domini,

695 2182 821 2233 agrorum
839 2164 976 2234 utrimque
992 2183 1170 2234 possessores,
1187 2174 1214 2217 te

695 2253 839 2308 coronant,
852 2251 965 2312 uterque
973 2242 1001 2295 in
1010 2252 1085 2313 parte
1096 2260 1214 2313 agrosuo

695 2318 811 2372 obversa.
821 2320 854 2373 ln
862 2318 964 2373 trifinio
973 2328 1026 2373 tres
1034 2319 1136 2373 domini
1141 2318 1215 2373 bunc

695 2386 826 2451 honorein
836 2397 969 2451 habebant
977 2398 1154 2453 Deo-libis
1162 2397 1214 2451 cul·

696 2488 754 2531 tum
765 2499 820 2533 esse
832 2480 995 2533 Terminum
1008 2480 1089 2533 etiarn
1100 2478 1215 2531 edure-

697 2560 749 2611 nal.
768 2559 846 2613 Satir.
866 2557 952 2624 XVl,
966 2559 1014 2631 39,
1034 2566 1151 2627 apparet.
1164 2559 1214 2610 Li·

699 2641 735 2691 ba
742 2638 823 2708 igitur
828 2648 933 2709 praestat
942 2637 1019 2691 alteri
1026 2636 1132 2691 lectioni
1140 2640 1216 2689 dona.

695 2744 729 2757 -
740 2718 813 2769 Bina
826 2716 939 2771 Lenaius
953 2716 1055 2770 dictum
1066 2725 1141 2785 putat
1153 2734 1213 2783 pro,

696 2794 760 2848 duo.
772 2796 843 2850 -ln
852 2805 921 2848 testa
930 2793 995 2847 tem·
1006 2794 1127 2847 solebant
1139 2793 1215 2862 ignes

695 2885 741 2928 aut
752 2876 888 2928 carbones.
901 2876 980 2928 Auct.
992 2872 1024 2926 ad
1041 2873 1144 2925 lieren.
1155 2872 1196 2924 1v
1206 2911 1213 2936 ,

696 2953 726 3019 6,
736 2974 749 2999 u
759 2952 815 3021 ipse
828 2972 843 3005 a
853 2953 946 3005 vicinis
954 2970 1037 3021 quum
1044 2960 1110 3004 testa
1120 2950 1217 3003 ambu-

696 3050 710 3074 υ
721 3028 779 3082 lans
797 3029 972 3084 carbunculos
988 3038 1149 3100 corrogaret
1162 3049 1215 3074 o-

696 3108 769 3160 Tum
782 3118 879 3160 curtum
889 3108 1015 3177 frequens
1024 3126 1079 3160 esse
1089 3124 1214 3159 rasorum

695 3186 832 3257 epitheton
841 3228 848 3254 ,
856 3187 981 3257 exemplis
989 3187 1066 3241 docet
1077 3186 1213 3240 Heinsius.

695 3266 750 3320 Pro
767 3277 835 3320 testa
851 3267 984 3321 veteribus
1005 3265 1086 3320 etiam
1100 3275 1166 3319 testu
1185 3265 1214 3318 in

695 3365 744 3400 usu
755 3346 835 3400 fuisse
847 3357 952 3400 certum
965 3358 1011 3400 est
1023 3346 1086 3399 vid.
1097 3345 1123 3398 b.
1132 3345 1148 3398 l.
1164 3364 1213 3398 an-

695 3426 823 3495 tiquiores
833 3426 898 3480 lntt.
906 3426 941 3480 Et
949 3427 986 3480 sic
994 3426 1044 3479 boc
1052 3425 1111 3479 loco
1119 3425 1215 3495 optimi

694 3504 772 3558 codd.
781 3524 879 3576 magno
886 3505 1215 3572 numero.-Tep1’dr‘s,sci·

695 3582 755 3637 licet
767 3603 799 3637 ex
809 3583 871 3653 igne
882 3584 1016 3637 hesterno.

728 3663 786 3732 647.
810 3662 851 3718 Cf.
868 3683 929 3718 curn
943 3684 992 3733 sqq
1009 3662 1078 3716 infra
1092 3665 1132 3729 V,
1149 3664 1214 3729 5063

696 3752 722 3795 et
736 3742 807 3796 Vlll
820 3743 934 3795 Metam.
943 3744 990 3809 641
1003 3762 1059 3811 sqq.
1071 3741 1216 3795 praeiverat

697 3820 910 3891 Virgit.AEn.1,
927 3824 1125 3892 174.—M1'rtur't,
1143 3838 1214 3874 con-

695 3900 802 3970 fringit,
817 3912 847 3954 ut
856 3901 977 3954 breviora
989 3900 1051 3953 siut.
1065 3928 1099 3941 -
1109 3901 1173 3954 Atre
1184 3922 1215 3954 ex

696 3978 790 4032 Ursini
808 3978 876 4031 libro
893 3980 962 4032 bene
980 3988 1132 4048 receptum3
1150 3998 1215 4032 narn

695 4066 765 4119 arte,
779 4056 852 4124 quod
871 4056 913 4110 alii
928 4056 1067 4124 exhibent,
1088 4058 1159 4128 ligna
1171 4058 1214 4111 illa

696 4156 750 4191 esse
761 4146 920 4203 constructa,
931 4157 1026 4207 parum
1038 4138 1162 4192 credibile
1173 4139 1215 4189 ri-

696 4212 782 4268 detur.
802 4214 958 4269 Altitudinis
974 4217 1048 4269 notio
1064 4216 1128 4269 latet
1144 4216 1214 4268 etin

695 4290 740 4345 illo
748 4292 845 4349 Horat.
857 4292 943 4362 Epod.
958 4294 1001 4358 ll,
1014 4295 1046 4361 43
1054 4334 1063 4361 ,
1076 4316 1090 4341 κ
1103 4294 1214 4347 Sacrum
