3025 5009
447 446 499 514 rs·
526 445 708 514 ov1n11
733 443 951 512 saeros.
1175 438 1241 532 aa,

164 591 275 692 ipsum
299 587 385 663 hanc
406 586 647 674 differentiam,
666 605 706 660 nt
727 602 766 658 ut
793 583 988 672 maximam,
1011 581 1165 670 novisse,
1191 578 1243 653 vel

167 705 378 809 expressisse.
399 703 505 778 Penes
524 704 722 803 interpretes
739 700 843 797 igitur
858 715 969 773 manet
987 725 1118 798 semper
1133 697 1245 772 inves-

171 819 305 917 tigatio,
319 817 414 920 quale
429 835 523 892 ortus
534 840 638 913 genus
650 816 685 888 in
698 813 833 912 singulo
845 812 922 887 loco
938 809 1166 916 accipiendum
1181 811 1244 898 sit;

169 952 203 1008 et
220 961 289 1007 non
304 932 425 1006 mirum
439 931 489 1006 est
505 959 591 1032 saepe
605 959 664 1006 eos
676 930 710 1002 io
726 930 852 1004 diversa
869 926 979 1013 ahire,
992 924 1157 1026 siquidem
1174 925 1246 1002 sine

171 1047 298 1124 calculo
315 1065 349 1122 et
371 1044 487 1122 tabula
509 1045 595 1121 nihil
619 1047 684 1120 nisi
712 1044 853 1143 globum
876 1043 979 1118 aliave
999 1042 1189 1118 kalendaria
1209 1043 1246 1116 in

171 1164 348 1240 consilinm
365 1162 571 1240 vocoierant.
597 1167 676 1238 Non
697 1161 808 1238 solum
825 1161 867 1236 ad
884 1161 949 1235 hoe
965 1147 1163 1248 videndum,
1186 1159 1246 1234 sed

169 1281 322 1356 universe
333 1281 375 1356 ad
388 1283 558 1357 veritatem
574 1282 829 1357 astronomicam
839 1278 1246 1380 dijudicandam,expedi-
1301 1347 1314 1364 ,

169 1401 329 1476 tissimarn
344 1429 421 1475 sane
437 1400 524 1476 viam
542 1400 671 1501 aperuit
687 1417 720 1471 et
736 1399 840 1472 cuivis
856 1416 1023 1500 patentem
1039 1395 1243 1472 calculorum

167 1513 430 1614 etiamimperito
439 1514 595 1600 Petau'us,
609 1511 731 1588 tabulis
740 1512 936 1600 condendis,
951 1511 1120 1613 inquibus
1128 1511 1244 1586 multis

166 1631 275 1732 iisqne
293 1631 475 1706 notissimis
489 1629 596 1706 stellis
612 1649 707 1712 ortus
721 1657 925 1730 occasusque
941 1626 1096 1719 cosmici,
1107 1628 1242 1715 helisei,

168 1748 347 1850 acronychi
365 1748 407 1822 ad
424 1750 542 1824 Romae
560 1765 592 1821 et
610 1745 819 1824 Alexandria
842 1746 1071 1834 horizontem,
1095 1772 1171 1820 cum
1196 1745 1245 1818 si·

169 1895 310 1963 gnorum
328 1868 460 1942 Zodiaci
475 1867 645 1969 partibus,
660 1869 696 1940 in
714 1895 798 1967 quas
810 1895 899 1940 anno
910 1865 1020 1967 primo
1036 1863 1174 1940 Juliano
1191 1865 1246 1937 in·

170 1984 340 2074 ridebant,
358 1985 522 2082 adsignati
540 2002 628 2059 sunt.
654 1981 837 2078 Uranolog.
855 2013 922 2058 rar.
941 1983 1032 2058 Dies.
1059 2009 1094 2083 p.
1120 1981 1241 2055 5861.

170 2099 234 2173 llis
253 2098 423 2195 signorum
440 2098 594 2201 partibus
611 2097 653 2174 ad
670 2097 795 2172 mensis
812 2097 904 2187 dies,
926 2098 1049 2200 quibus
1067 2117 1148 2174 tunc
1162 2116 1245 2172 tem-

170 2217 263 2319 poris
279 2218 524 2319 respondebant
541 2217 723 2290 secundum
740 2214 958 2305 laterculum,
981 2215 1073 2317 quod
1096 2245 1171 2318 pag.
1197 2218 1241 2318 57

170 2336 345 2438 premisit,
364 2335 493 2422 relatis,
513 2352 662 2410 accurate
678 2332 821 2429 intelligi
844 2352 975 2435 potest,
992 2335 1128 2435 quando
1149 2363 1243 2436 qua-

169 2454 257 2554 piam
272 2452 367 2530 stella
378 2482 465 2528 anno
478 2453 586 2555 primo
595 2449 748 2540 loliano,
762 2449 813 2523 vel
825 2453 961 2538 Roma,
971 2450 1022 2525 vel
1036 2451 1244 2528 Alexandria

169 2585 244 2641 orta
259 2567 322 2655 sit,
340 2566 391 2642 vel
407 2566 579 2655 occiderit,
594 2565 704 2656 unde,
723 2562 821 2666 quale
835 2564 929 2640 ortos
946 2593 1122 2640 occasnsve
1141 2595 1245 2665 genus

167 2685 202 2758 in
218 2683 334 2758 Ovidii
347 2684 555 2784 aliorumque
566 2683 799 2758 notationibus
814 2679 1066 2779 intelligendum
1081 2683 1143 2770 sit,
1162 2712 1244 2785 qna·

169 2819 266 2879 tenus
282 2803 325 2877 ad
339 2804 510 2878 veritatem
523 2801 781 2876 astronomicam
794 2797 967 2888 accedant,
982 2797 1034 2872 vel
1048 2797 1191 2900 deniqne
1201 2827 1244 2872 an

168 2915 395 3014 negligentiae,
411 2914 462 2990 vel
481 2914 646 3001 Ovidius,
663 2912 715 2988 vel
731 2915 803 3012 ejus
816 2931 967 2987 auctores
984 2912 1140 3014 culpandi
1154 2915 1243 3002 sint,

168 3032 308 3131 judicari
324 3051 446 3134 potest.
473 3033 584 3131 Quam
608 3031 780 3105 fructuosa
808 3031 851 3104 sit
873 3031 944 3104 haec
966 3030 1033 3117 via,
1059 3057 1159 3131 quam
1176 3030 1243 3129 jam

170 3150 324 3224 Petavins
342 3166 558 3250 exposuerat,
574 3147 617 3222 ad
635 3149 786 3222 criticum
800 3147 849 3222 rei
865 3147 1034 3237 studium,
1057 3147 1243 3224 luculenter

170 3267 323 3342 laudatus
340 3269 391 3340 lll
408 3265 516 3340 Psaffii
533 3265 619 3339 liber
636 3264 802 3352 ostendit,
828 3263 887 3365 qui
906 3281 1013 3338 tamen
1029 3291 1243 3338 numerorum

121 3391 124 3402 '
173 3385 261 3486 typis
274 3412 507 3486 expressorum
519 3401 703 3456 accuratam
722 3379 971 3477 castigationem
984 3380 1106 3482 passim
1128 3378 1164 3453 in
1183 3408 1244 3454 su·

170 3503 352 3601 spinionem
368 3501 517 3588 vocarit,
536 3517 571 3575 et
587 3497 687 3588 semel
710 3496 874 3573 inlocum
890 3496 1026 3584 incidit,
1052 3497 1109 3598 qui
1132 3513 1246 3597 aperte

168 3617 271 3692 falsus
285 3636 354 3692 erat
371 3617 429 3717 (p.
448 3615 528 3716 95).
543 3614 706 3713 Quadam
718 3615 819 3689 etiam
832 3616 927 3710 signa
939 3615 975 3688 in
988 3615 1112 3688 Ouidio
1126 3614 1243 3702 obvia,

167 3733 336 3834 Aquarius
354 3749 388 3806 et
404 3730 515 3805 Pisces
528 3730 577 3803 ibi
595 3728 733 3818 desunt,
751 3747 841 3804 etex
857 3730 1042 3804 accessione
1059 3728 1244 3803 horizontis

169 3848 393 3938 atheniensis,
419 3846 478 3947 qui
495 3843 545 3918 ihi
566 3871 651 3945 saepe
681 3844 903 3935 desideratur,
927 3874 1082 3942 magnum
1106 3845 1246 3920 haberet

167 3965 405 4039 incrementum
420 3960 477 4036 illa
496 3961 623 4036 Petavii
640 3957 765 4034 tabula.

218 4081 314 4177 Quas
330 4079 434 4176 igitur
451 4077 565 4154 Ovidii
582 4076 771 4152 notationes
787 4072 935 4172 singulas
951 4077 1071 4178 siquis
1088 4075 1130 4152 ad
1146 4076 1246 4152 tabu-

172 4197 221 4273 las
240 4197 314 4273 illas
331 4198 458 4295 eriget,
476 4196 644 4272 advocatis
662 4195 736 4271 aliis
751 4194 952 4271 kalendariis
967 4196 1187 4288 sideralibus,
1203 4195 1246 4270 ad
