<?xml version="1.0" encoding="UTF-8"?>
<!DOCTYPE html PUBLIC "-//W3C//DTD XHTML 1.0 Transitional//EN"
    "http://www.w3.org/TR/xhtml1/DTD/xhtml1-transitional.dtd">
<html xmlns="http://www.w3.org/1999/xhtml" xml:lang="en" lang="en">
 <head>
  <title>
</title>
<meta http-equiv="Content-Type" content="text/html;charset=utf-8" />
  <meta name='ocr-system' content='tesseract 3.04.00' />
  <meta name='ocr-capabilities' content='ocr_page ocr_carea ocr_par ocr_line ocrx_word'/>
</head>
<body>
  <div class='ocr_page' id='page_1' title='image "./publiiovidiinas00unkngoog_0110.png"; bbox 0 0 3025 5009; ppageno 0'>
   <div class='ocr_carea' id='block_1_1' title="bbox 415 440 1206 551">
    <p class='ocr_par' dir='ltr' id='par_1_1' title="bbox 415 440 1206 551">
     <span class='ocr_line' id='line_1_1' title="bbox 415 440 1206 551; baseline 0.032 -43"><span class='ocrx_word' id='word_1_1' title='bbox 415 440 708 513; x_wconf 83' lang='lat' dir='ltr'><strong>FASTORUM</strong></span> <span class='ocrx_word' id='word_1_2' title='bbox 736 446 832 515; x_wconf 88' lang='lat' dir='ltr'><strong>LIB.</strong></span> <span class='ocrx_word' id='word_1_3' title='bbox 864 449 918 517; x_wconf 87' lang='lat'><strong>11.</strong></span> <span class='ocrx_word' id='word_1_4' title='bbox 1163 483 1206 551; x_wconf 82' lang='lat'><strong>97</strong></span> 
     </span>
    </p>
   </div>
   <div class='ocr_carea' id='block_1_2' title="bbox 132 576 1212 1962">
    <p class='ocr_par' dir='ltr' id='par_1_2' title="bbox 132 576 1212 1962">
     <span class='ocr_line' id='line_1_2' title="bbox 186 576 1073 691; baseline 0.012 -37"><span class='ocrx_word' id='word_1_5' title='bbox 186 580 261 654; x_wconf 86' lang='lat' dir='ltr'><strong>Hoc</strong></span> <span class='ocrx_word' id='word_1_6' title='bbox 279 576 391 668; x_wconf 81' lang='lat' dir='ltr'><strong>dedit3</strong></span> <span class='ocrx_word' id='word_1_7' title='bbox 408 579 474 654; x_wconf 89' lang='lat' dir='ltr'><strong>hoc</strong></span> <span class='ocrx_word' id='word_1_8' title='bbox 492 581 644 658; x_wconf 77' lang='lat' dir='ltr'>dedimus</span> <span class='ocrx_word' id='word_1_9' title='bbox 662 614 723 659; x_wconf 93' lang='lat' dir='ltr'><strong>nos</strong></span> <span class='ocrx_word' id='word_1_10' title='bbox 739 586 802 661; x_wconf 90' lang='lat' dir='ltr'><strong>tibi</strong></span> <span class='ocrx_word' id='word_1_11' title='bbox 822 604 945 662; x_wconf 83' lang='lat' dir='ltr'><strong>nomen</strong></span> <span class='ocrx_word' id='word_1_12' title='bbox 962 616 1073 691; x_wconf 80' lang='lat' dir='ltr'>eques.</span> 
     </span>
     <span class='ocr_line' id='line_1_3' title="bbox 140 696 1026 803; baseline 0.011 -34"><span class='ocrx_word' id='word_1_13' title='bbox 140 696 205 771; x_wconf 85' lang='lat' dir='ltr'><strong>Res</strong></span> <span class='ocrx_word' id='word_1_14' title='bbox 224 714 334 771; x_wconf 87' lang='lat' dir='ltr'><strong>tamen</strong></span> <span class='ocrx_word' id='word_1_15' title='bbox 352 714 430 770; x_wconf 88' lang='lat' dir='ltr'><strong>ante</strong></span> <span class='ocrx_word' id='word_1_16' title='bbox 448 697 539 772; x_wconf 89' lang='lat' dir='ltr'><strong>dedit</strong></span> <span class='ocrx_word' id='word_1_17' title='bbox 558 728 656 775; x_wconf 86' lang='lat' dir='ltr'><strong>:sero</strong></span> <span class='ocrx_word' id='word_1_18' title='bbox 676 712 811 803; x_wconf 89' lang='lat' dir='ltr'><strong>quoque</strong></span> <span class='ocrx_word' id='word_1_19' title='bbox 828 732 903 779; x_wconf 85' lang='lat' dir='ltr'><strong>vera</strong></span> <span class='ocrx_word' id='word_1_20' title='bbox 919 706 1026 783; x_wconf 87' lang='lat' dir='ltr'><strong>tulisti</strong></span> 
     </span>
     <span class='ocr_line' id='line_1_4' title="bbox 183 811 1210 918; baseline 0.012 -32"><span class='ocrx_word' id='word_1_21' title='bbox 183 811 328 886; x_wconf 79' lang='lat' dir='ltr'><strong>Nomina</strong></span> <span class='ocrx_word' id='word_1_22' title='bbox 347 812 565 914; x_wconf 84' lang='lat' dir='ltr'><strong>:jampridem</strong></span> <span class='ocrx_word' id='word_1_23' title='bbox 583 833 620 890; x_wconf 91' lang='lat' dir='ltr'><strong>tu</strong></span> <span class='ocrx_word' id='word_1_24' title='bbox 638 836 733 918; x_wconf 81' lang='lat' dir='ltr'><strong>pater</strong></span> <span class='ocrx_word' id='word_1_25' title='bbox 749 820 842 893; x_wconf 80' lang='lat' dir='ltr'><strong>orbis</strong></span> <span class='ocrx_word' id='word_1_26' title='bbox 859 848 940 896; x_wconf 81' lang='lat' dir='ltr'><strong>cras.</strong></span> <span class='ocrx_word' id='word_1_27' title='bbox 1163 851 1210 902; x_wconf 80' lang='lat'><strong>130</strong></span> 
     </span>
     <span class='ocr_line' id='line_1_5' title="bbox 137 922 1037 1039; baseline 0.011 -36"><span class='ocrx_word' id='word_1_28' title='bbox 137 930 211 1003; x_wconf 89' lang='lat' dir='ltr'><strong>Hoc</strong></span> <span class='ocrx_word' id='word_1_29' title='bbox 229 946 481 1030; x_wconf 75' lang='lat' dir='ltr'><strong>inpertemus,</strong></span> <span class='ocrx_word' id='word_1_30' title='bbox 500 922 591 1031; x_wconf 80' lang='lat' dir='ltr'><strong>quod</strong></span> <span class='ocrx_word' id='word_1_31' title='bbox 609 932 645 1005; x_wconf 92' lang='lat' dir='ltr'><strong>in</strong></span> <span class='ocrx_word' id='word_1_32' title='bbox 662 935 782 1008; x_wconf 73' lang='lat' dir='ltr'><strong>ethere</strong></span> <span class='ocrx_word' id='word_1_33' title='bbox 798 938 933 1039; x_wconf 79' lang='lat' dir='ltr'>Jupiter</span> <span class='ocrx_word' id='word_1_34' title='bbox 947 938 1037 1027; x_wconf 86' lang='lat' dir='ltr'><strong>alto,</strong></span> 
     </span>
     <span class='ocr_line' id='line_1_6' title="bbox 183 1047 1037 1153; baseline 0.009 -32"><span class='ocrx_word' id='word_1_35' title='bbox 183 1050 315 1121; x_wconf 84' lang='lat' dir='ltr'><strong>Nomen</strong></span> <span class='ocrx_word' id='word_1_36' title='bbox 331 1047 435 1121; x_wconf 88' lang='lat' dir='ltr'><strong>habes</strong></span> <span class='ocrx_word' id='word_1_37' title='bbox 450 1079 457 1122; x_wconf 91' lang='lat'>:</span> <span class='ocrx_word' id='word_1_38' title='bbox 471 1048 647 1123; x_wconf 90' lang='lat' dir='ltr'><strong>hominum</strong></span> <span class='ocrx_word' id='word_1_39' title='bbox 665 1067 701 1125; x_wconf 94' lang='lat' dir='ltr'><strong>tu</strong></span> <span class='ocrx_word' id='word_1_40' title='bbox 718 1069 830 1153; x_wconf 87' lang='lat' dir='ltr'><strong>pater,</strong></span> <span class='ocrx_word' id='word_1_41' title='bbox 845 1051 903 1126; x_wconf 86' lang='lat' dir='ltr'><strong>illc</strong></span> <span class='ocrx_word' id='word_1_42' title='bbox 919 1055 1037 1129; x_wconf 74' lang='lat' dir='ltr'><strong>Derim.</strong></span> 
     </span>
     <span class='ocr_line' id='line_1_7' title="bbox 136 1164 1030 1263; baseline 0.004 -23"><span class='ocrx_word' id='word_1_43' title='bbox 136 1165 301 1253; x_wconf 84' lang='lat' dir='ltr'>Romule,</span> <span class='ocrx_word' id='word_1_44' title='bbox 321 1164 484 1241; x_wconf 79' lang='lat' dir='ltr'><strong>concedas</strong></span> <span class='ocrx_word' id='word_1_45' title='bbox 503 1194 510 1239; x_wconf 90' lang='lat'><strong>:</strong></span> <span class='ocrx_word' id='word_1_46' title='bbox 528 1166 608 1239; x_wconf 80' lang='lat' dir='ltr'><strong>lacit</strong></span> <span class='ocrx_word' id='word_1_47' title='bbox 624 1166 679 1239; x_wconf 89' lang='lat' dir='ltr'><strong>hie</strong></span> <span class='ocrx_word' id='word_1_48' title='bbox 696 1185 752 1241; x_wconf 82' lang='lat' dir='ltr'><strong>tua</strong></span> <span class='ocrx_word' id='word_1_49' title='bbox 769 1196 888 1263; x_wconf 81' lang='lat' dir='ltr'><strong>magna</strong></span> <span class='ocrx_word' id='word_1_50' title='bbox 905 1170 1030 1245; x_wconf 87' lang='lat' dir='ltr'><strong>tuendo</strong></span> 
     </span>
     <span class='ocr_line' id='line_1_8' title="bbox 183 1279 984 1360; baseline 0.005 -7"><span class='ocrx_word' id='word_1_51' title='bbox 183 1280 310 1355; x_wconf 79' lang='lat' dir='ltr'><strong>Moenia</strong></span> <span class='ocrx_word' id='word_1_52' title='bbox 326 1309 334 1353; x_wconf 91' lang='lat'>:</span> <span class='ocrx_word' id='word_1_53' title='bbox 349 1298 386 1354; x_wconf 86' lang='lat' dir='ltr'><strong>tu</strong></span> <span class='ocrx_word' id='word_1_54' title='bbox 404 1279 543 1355; x_wconf 83' lang='lat' dir='ltr'><strong>dederas</strong></span> <span class='ocrx_word' id='word_1_55' title='bbox 559 1280 774 1357; x_wconf 85' lang='lat' dir='ltr'><strong>transilienda</strong></span> <span class='ocrx_word' id='word_1_56' title='bbox 787 1284 909 1360; x_wconf 83' lang='lat' dir='ltr'><strong>Remo.</strong></span> <span class='ocrx_word' id='word_1_57' title='bbox 980 1301 984 1307; x_wconf 87' lang='grc'><em>“</em></span> 
     </span>
     <span class='ocr_line' id='line_1_9' title="bbox 134 1394 1212 1500; baseline 0.011 -31"><span class='ocrx_word' id='word_1_58' title='bbox 134 1398 182 1470; x_wconf 87' lang='lat' dir='ltr'><strong>Te</strong></span> <span class='ocrx_word' id='word_1_59' title='bbox 197 1395 338 1483; x_wconf 84' lang='lat' dir='ltr'><strong>Tatius,</strong></span> <span class='ocrx_word' id='word_1_60' title='bbox 358 1394 519 1496; x_wconf 87' lang='lat' dir='ltr'><strong>parvique</strong></span> <span class='ocrx_word' id='word_1_61' title='bbox 539 1395 887 1500; x_wconf 72' lang='lat' dir='ltr'><strong>Cures,&#39;Caeninaque</strong></span> <span class='ocrx_word' id='word_1_62' title='bbox 906 1402 1027 1476; x_wconf 86' lang='lat' dir='ltr'><strong>sensit:</strong></span> <span class='ocrx_word' id='word_1_63' title='bbox 1167 1428 1212 1481; x_wconf 79' lang='lat'><strong>135</strong></span> 
     </span>
     <span class='ocr_line' id='line_1_10' title="bbox 184 1510 1054 1615; baseline 0.007 -30"><span class='ocrx_word' id='word_1_64' title='bbox 184 1514 261 1585; x_wconf 87' lang='lat' dir='ltr'><strong>Hoc</strong></span> <span class='ocrx_word' id='word_1_65' title='bbox 280 1511 362 1586; x_wconf 90' lang='lat' dir='ltr'><strong>duce</strong></span> <span class='ocrx_word' id='word_1_66' title='bbox 381 1512 571 1585; x_wconf 85' lang='lat' dir='ltr'><strong>Romanum</strong></span> <span class='ocrx_word' id='word_1_67' title='bbox 590 1528 641 1585; x_wconf 90' lang='lat' dir='ltr'><strong>est</strong></span> <span class='ocrx_word' id='word_1_68' title='bbox 658 1510 740 1585; x_wconf 83' lang='lat' dir='ltr'><strong>solis</strong></span> <span class='ocrx_word' id='word_1_69' title='bbox 758 1530 938 1615; x_wconf 90' lang='lat' dir='ltr'><strong>utrumque</strong></span> <span class='ocrx_word' id='word_1_70' title='bbox 954 1514 1054 1590; x_wconf 78' lang='lat' dir='ltr'><strong>latus.</strong></span> 
     </span>
     <span class='ocr_line' id='line_1_11' title="bbox 133 1625 1005 1726; baseline 0.005 -25"><span class='ocrx_word' id='word_1_71' title='bbox 133 1628 187 1701; x_wconf 87' lang='lat' dir='ltr'><strong>Tu</strong></span> <span class='ocrx_word' id='word_1_72' title='bbox 208 1627 312 1700; x_wconf 75' lang='lat' dir='ltr'><strong>breue</strong></span> <span class='ocrx_word' id='word_1_73' title='bbox 329 1625 443 1700; x_wconf 88' lang='lat' dir='ltr'><strong>nescio</strong></span> <span class='ocrx_word' id='word_1_74' title='bbox 463 1625 545 1726; x_wconf 91' lang='lat' dir='ltr'><strong>quid</strong></span> <span class='ocrx_word' id='word_1_75' title='bbox 562 1626 655 1702; x_wconf 83' lang='lat' dir='ltr'><strong>ricta</strong></span> <span class='ocrx_word' id='word_1_76' title='bbox 671 1625 799 1701; x_wconf 84' lang='lat' dir='ltr'><strong>telluris</strong></span> <span class='ocrx_word' id='word_1_77' title='bbox 815 1627 982 1705; x_wconf 83' lang='lat' dir='ltr'>habebas:</span> <span class='ocrx_word' id='word_1_78' title='bbox 1001 1697 1005 1704; x_wconf 93' lang='lat'><strong>.</strong></span> 
     </span>
     <span class='ocr_line' id='line_1_12' title="bbox 182 1741 1101 1843; baseline 0.004 -26"><span class='ocrx_word' id='word_1_79' title='bbox 182 1743 431 1843; x_wconf 82' lang='lat' dir='ltr'><strong>Quodcumque</strong></span> <span class='ocrx_word' id='word_1_80' title='bbox 449 1759 499 1816; x_wconf 87' lang='lat' dir='ltr'><strong>est</strong></span> <span class='ocrx_word' id='word_1_81' title='bbox 516 1741 585 1817; x_wconf 89' lang='lat' dir='ltr'><strong>alto</strong></span> <span class='ocrx_word' id='word_1_82' title='bbox 602 1741 666 1817; x_wconf 84' lang='lat' dir='ltr'><strong>sub</strong></span> <span class='ocrx_word' id='word_1_83' title='bbox 684 1744 786 1833; x_wconf 88' lang='lat' dir='ltr'><strong>Jove,</strong></span> <span class='ocrx_word' id='word_1_84' title='bbox 807 1744 917 1820; x_wconf 74' lang='lat' dir='ltr'><strong>Cesar</strong></span> <span class='ocrx_word' id='word_1_85' title='bbox 933 1743 1052 1821; x_wconf 87' lang='lat' dir='ltr'><strong>habet..</strong></span> <span class='ocrx_word' id='word_1_86' title='bbox 1096 1744 1101 1758; x_wconf 63' lang='lat'>⁸</span> 
     </span>
     <span class='ocr_line' id='line_1_13' title="bbox 132 1858 1025 1962; baseline 0.001 -27"><span class='ocrx_word' id='word_1_87' title='bbox 132 1862 186 1935; x_wconf 88' lang='lat' dir='ltr'><strong>Tu</strong></span> <span class='ocrx_word' id='word_1_88' title='bbox 203 1861 295 1962; x_wconf 83' lang='lat' dir='ltr'><strong>rapis</strong></span> <span class='ocrx_word' id='word_1_89' title='bbox 310 1890 318 1948; x_wconf 89' lang='lat'>;</span> <span class='ocrx_word' id='word_1_90' title='bbox 334 1859 390 1933; x_wconf 88' lang='lat' dir='ltr'><strong>hic</strong></span> <span class='ocrx_word' id='word_1_91' title='bbox 407 1876 514 1935; x_wconf 87' lang='lat' dir='ltr'><strong>castas</strong></span> <span class='ocrx_word' id='word_1_92' title='bbox 531 1858 614 1933; x_wconf 92' lang='lat' dir='ltr'><strong>duce</strong></span> <span class='ocrx_word' id='word_1_93' title='bbox 632 1886 667 1934; x_wconf 88' lang='lat' dir='ltr'><strong>sc</strong></span> <span class='ocrx_word' id='word_1_94' title='bbox 680 1859 779 1959; x_wconf 89' lang='lat' dir='ltr'><strong>jubet</strong></span> <span class='ocrx_word' id='word_1_95' title='bbox 797 1888 868 1933; x_wconf 77' lang='lat' dir='ltr'><strong>ease</strong></span> <span class='ocrx_word' id='word_1_96' title='bbox 882 1862 1025 1937; x_wconf 87' lang='lat' dir='ltr'><strong>maritas.</strong></span> 
     </span>
    </p>
   </div>
   <div class='ocr_carea' id='block_1_3' title="bbox 129 2015 1213 4283">
    <p class='ocr_par' dir='ltr' id='par_1_3' title="bbox 129 2015 1213 3965">
     <span class='ocr_line' id='line_1_14' title="bbox 133 2015 1211 2094; baseline 0.006 -22"><span class='ocrx_word' id='word_1_97' title='bbox 133 2017 211 2073; x_wconf 83' lang='lat' dir='ltr'><strong>Febr.</strong></span> <span class='ocrx_word' id='word_1_98' title='bbox 224 2016 278 2070; x_wconf 79' lang='lat' dir='ltr'><strong>An.</strong></span> <span class='ocrx_word' id='word_1_99' title='bbox 291 2035 317 2069; x_wconf 92' lang='lat' dir='ltr'><strong>u.</strong></span> <span class='ocrx_word' id='word_1_100' title='bbox 328 2036 350 2069; x_wconf 95' lang='lat' dir='ltr'><strong>c.</strong></span> <span class='ocrx_word' id='word_1_101' title='bbox 364 2018 424 2086; x_wconf 78' lang='lat'><strong>752,</strong></span> <span class='ocrx_word' id='word_1_102' title='bbox 433 2015 556 2071; x_wconf 75' lang='lat' dir='ltr'><strong>Valerius</strong></span> <span class='ocrx_word' id='word_1_103' title='bbox 568 2016 648 2071; x_wconf 77' lang='lat' dir='ltr'><strong>Meo-</strong></span> <span class='ocrx_word' id='word_1_104' title='bbox 698 2017 765 2087; x_wconf 86' lang='lat' dir='ltr'><strong>perii</strong></span> <span class='ocrx_word' id='word_1_105' title='bbox 777 2028 860 2073; x_wconf 76' lang='lat' dir='ltr'><strong>vocat.</strong></span> <span class='ocrx_word' id='word_1_106' title='bbox 871 2018 925 2073; x_wconf 87' lang='lat' dir='ltr'><strong>Sed</strong></span> <span class='ocrx_word' id='word_1_107' title='bbox 937 2031 1028 2089; x_wconf 83' lang='lat' dir='ltr'><strong>poeta,</strong></span> <span class='ocrx_word' id='word_1_108' title='bbox 1042 2032 1072 2074; x_wconf 91' lang='lat' dir='ltr'><strong>ut</strong></span> <span class='ocrx_word' id='word_1_109' title='bbox 1083 2021 1145 2077; x_wconf 87' lang='lat' dir='ltr'><strong>huic</strong></span> <span class='ocrx_word' id='word_1_110' title='bbox 1155 2024 1211 2094; x_wconf 79' lang='lat' dir='ltr'><strong>pla-</strong></span> 
     </span>
     <span class='ocr_line' id='line_1_15' title="bbox 131 2095 1212 2167; baseline 0.002 -14"><span class='ocrx_word' id='word_1_111' title='bbox 131 2098 293 2153; x_wconf 70' lang='lat' dir='ltr'><strong>talanomen</strong></span> <span class='ocrx_word' id='word_1_112' title='bbox 301 2097 491 2149; x_wconf 67' lang='lat' dir='ltr'><strong>Patrerl&#39;am&#39;ae</strong></span> <span class='ocrx_word' id='word_1_113' title='bbox 500 2095 532 2149; x_wconf 83' lang='lat' dir='ltr'><strong>ad</strong></span> <span class='ocrx_word' id='word_1_114' title='bbox 544 2097 650 2167; x_wconf 76' lang='lat' dir='ltr'><strong>Augus·</strong></span> <span class='ocrx_word' id='word_1_115' title='bbox 695 2104 772 2161; x_wconf 83' lang='lat' dir='ltr'><strong>ceat,</strong></span> <span class='ocrx_word' id='word_1_116' title='bbox 790 2095 869 2149; x_wconf 79' lang='lat' dir='ltr'><strong>nimis</strong></span> <span class='ocrx_word' id='word_1_117' title='bbox 882 2095 938 2150; x_wconf 83' lang='lat' dir='ltr'><strong>sere</strong></span> <span class='ocrx_word' id='word_1_118' title='bbox 953 2097 1020 2151; x_wconf 83' lang='lat' dir='ltr'><strong>illius</strong></span> <span class='ocrx_word' id='word_1_119' title='bbox 1034 2097 1124 2153; x_wconf 78' lang='lat' dir='ltr'><strong>laudes</strong></span> <span class='ocrx_word' id='word_1_120' title='bbox 1138 2112 1212 2155; x_wconf 65' lang='lat' dir='ltr'><strong>exte-i</strong></span> 
     </span>
     <span class='ocr_line' id='line_1_16' title="bbox 133 2172 1213 2247; baseline 0.002 -16"><span class='ocrx_word' id='word_1_121' title='bbox 133 2188 190 2231; x_wconf 87' lang='lat' dir='ltr'><strong>tum</strong></span> <span class='ocrx_word' id='word_1_122' title='bbox 199 2177 227 2229; x_wconf 89' lang='lat' dir='ltr'><strong>in</strong></span> <span class='ocrx_word' id='word_1_123' title='bbox 237 2174 311 2229; x_wconf 85' lang='lat' dir='ltr'><strong>curia</strong></span> <span class='ocrx_word' id='word_1_124' title='bbox 318 2172 412 2227; x_wconf 88' lang='lat' dir='ltr'><strong>detulit</strong></span> <span class='ocrx_word' id='word_1_125' title='bbox 420 2172 460 2227; x_wconf 73' lang='lat' dir='ltr'><strong>his</strong></span> <span class='ocrx_word' id='word_1_126' title='bbox 468 2173 567 2228; x_wconf 74' lang='lat' dir='ltr'><strong>verbio:</strong></span> <span class='ocrx_word' id='word_1_127' title='bbox 578 2196 590 2220; x_wconf 77' lang='lat' dir='ltr'><strong>o</strong></span> <span class='ocrx_word' id='word_1_128' title='bbox 598 2174 650 2228; x_wconf 84' lang='lat' dir='ltr'><strong>Se.-</strong></span> <span class='ocrx_word' id='word_1_129' title='bbox 693 2176 956 2235; x_wconf 76' lang='lat' dir='ltr'><strong>nnat-Concedere,</strong></span> <span class='ocrx_word' id='word_1_130' title='bbox 969 2174 1080 2244; x_wconf 84' lang='lat' dir='ltr'><strong>cedere,</strong></span> <span class='ocrx_word' id='word_1_131' title='bbox 1093 2178 1213 2247; x_wconf 86' lang='lat' dir='ltr'><strong>priorem</strong></span> 
     </span>
     <span class='ocr_line' id='line_1_17' title="bbox 134 2248 1213 2321; baseline 0.004 -14"><span class='ocrx_word' id='word_1_132' title='bbox 134 2264 238 2307; x_wconf 82' lang='lat' dir='ltr'><strong>»natue</strong></span> <span class='ocrx_word' id='word_1_133' title='bbox 263 2262 288 2305; x_wconf 91' lang='lat' dir='ltr'><strong>te</strong></span> <span class='ocrx_word' id='word_1_134' title='bbox 309 2250 477 2305; x_wconf 72' lang='lat' dir='ltr'><strong>consentiens</strong></span> <span class='ocrx_word' id='word_1_135' title='bbox 496 2270 558 2305; x_wconf 90' lang='lat' dir='ltr'><strong>cum</strong></span> <span class='ocrx_word' id='word_1_136' title='bbox 583 2253 649 2321; x_wconf 83' lang='lat' dir='ltr'><strong>Pop.</strong></span> <span class='ocrx_word' id='word_1_137' title='bbox 694 2248 782 2305; x_wconf 89' lang='lat' dir='ltr'><strong>locum</strong></span> <span class='ocrx_word' id='word_1_138' title='bbox 791 2251 1213 2321; x_wconf 67' lang='lat' dir='ltr'><strong>relinquere-Maeasaindito-</strong></span> 
     </span>
     <span class='ocr_line' id='line_1_18' title="bbox 133 2327 1212 2405; baseline 0.007 -26"><span class='ocrx_word' id='word_1_139' title='bbox 133 2354 146 2379; x_wconf 71' lang='grc' dir='ltr'><strong><em>ι</em></strong></span> <span class='ocrx_word' id='word_1_140' title='bbox 158 2330 242 2386; x_wconf 79' lang='lat' dir='ltr'><strong>Rom.</strong></span> <span class='ocrx_word' id='word_1_141' title='bbox 250 2328 396 2384; x_wconf 73' lang='lat' dir='ltr'><strong>consalutat</strong></span> <span class='ocrx_word' id='word_1_142' title='bbox 405 2328 501 2383; x_wconf 76' lang='lat' dir='ltr'><strong>Patriae</strong></span> <span class='ocrx_word' id='word_1_143' title='bbox 509 2330 625 2384; x_wconf 75' lang='lat' dir='ltr'><strong>Patrem.</strong></span> <span class='ocrx_word' id='word_1_144' title='bbox 634 2352 647 2377; x_wconf 72' lang='lat' dir='ltr'><strong>o</strong></span> <span class='ocrx_word' id='word_1_145' title='bbox 695 2327 737 2398; x_wconf 74' lang='lat' dir='ltr'><strong>gia</strong></span> <span class='ocrx_word' id='word_1_146' title='bbox 746 2350 753 2393; x_wconf 89' lang='lat'><strong>;</strong></span> <span class='ocrx_word' id='word_1_147' title='bbox 762 2339 862 2382; x_wconf 85' lang='lat' dir='ltr'><strong>namet</strong></span> <span class='ocrx_word' id='word_1_148' title='bbox 871 2330 981 2396; x_wconf 88' lang='lat' dir='ltr'><strong>urbem,</strong></span> <span class='ocrx_word' id='word_1_149' title='bbox 992 2342 1019 2384; x_wconf 91' lang='lat' dir='ltr'><strong>et</strong></span> <span class='ocrx_word' id='word_1_150' title='bbox 1030 2336 1212 2405; x_wconf 73' lang='lat' dir='ltr'><strong>muronigni-</strong></span> 
     </span>
     <span class='ocr_line' id='line_1_19' title="bbox 132 2406 1213 2483; baseline 0.005 -20"><span class='ocrx_word' id='word_1_151' title='bbox 132 2408 320 2477; x_wconf 77' lang='lat' dir='ltr'><strong>Sueton.Aug.</strong></span> <span class='ocrx_word' id='word_1_152' title='bbox 328 2409 367 2460; x_wconf 76' lang='lat'><strong>58.</strong></span> <span class='ocrx_word' id='word_1_153' title='bbox 376 2406 418 2459; x_wconf 88' lang='lat' dir='ltr'><strong>De</strong></span> <span class='ocrx_word' id='word_1_154' title='bbox 426 2417 545 2477; x_wconf 88' lang='lat' dir='ltr'><strong>tempore</strong></span> <span class='ocrx_word' id='word_1_155' title='bbox 557 2426 610 2477; x_wconf 83' lang='lat' dir='ltr'><strong>quo</strong></span> <span class='ocrx_word' id='word_1_156' title='bbox 621 2406 648 2460; x_wconf 93' lang='lat' dir='ltr'><strong>id</strong></span> <span class='ocrx_word' id='word_1_157' title='bbox 695 2406 914 2463; x_wconf 79' lang='lat' dir='ltr'><strong>licat-Dederas</strong></span> <span class='ocrx_word' id='word_1_158' title='bbox 924 2414 1092 2466; x_wconf 67' lang='lat' dir='ltr'><strong>transilienda</strong></span> <span class='ocrx_word' id='word_1_159' title='bbox 1104 2414 1213 2483; x_wconf 81' lang='lat' dir='ltr'><strong>elegan-</strong></span> 
     </span>
     <span class='ocr_line' id='line_1_20' title="bbox 130 2485 1196 2557; baseline 0.003 -15"><span class='ocrx_word' id='word_1_160' title='bbox 130 2488 243 2553; x_wconf 81' lang='lat' dir='ltr'><strong>laetum,</strong></span> <span class='ocrx_word' id='word_1_161' title='bbox 257 2486 315 2541; x_wconf 85' lang='lat' dir='ltr'><strong>vide</strong></span> <span class='ocrx_word' id='word_1_162' title='bbox 328 2488 445 2541; x_wconf 81' lang='lat' dir='ltr'><strong>lllaeson.</strong></span> <span class='ocrx_word' id='word_1_163' title='bbox 455 2487 489 2539; x_wconf 91' lang='lat' dir='ltr'><strong>V.</strong></span> <span class='ocrx_word' id='word_1_164' title='bbox 502 2489 570 2557; x_wconf 84' lang='lat' dir='ltr'><strong>Hp.</strong></span> <span class='ocrx_word' id='word_1_165' title='bbox 582 2488 646 2555; x_wconf 67' lang='lat' dir='ltr'><strong>alli,</strong></span> <span class='ocrx_word' id='word_1_166' title='bbox 694 2494 744 2553; x_wconf 89' lang='lat' dir='ltr'><strong>ter,</strong></span> <span class='ocrx_word' id='word_1_167' title='bbox 754 2485 790 2538; x_wconf 89' lang='lat' dir='ltr'><strong>ita</strong></span> <span class='ocrx_word' id='word_1_168' title='bbox 802 2498 977 2553; x_wconf 69' lang='lat' dir='ltr'><strong>esstruxerat,</strong></span> <span class='ocrx_word' id='word_1_169' title='bbox 990 2500 1021 2542; x_wconf 90' lang='lat' dir='ltr'><strong>ut</strong></span> <span class='ocrx_word' id='word_1_170' title='bbox 1029 2490 1071 2544; x_wconf 91' lang='lat' dir='ltr'><strong>ille</strong></span> <span class='ocrx_word' id='word_1_171' title='bbox 1081 2494 1196 2547; x_wconf 76' lang='lat' dir='ltr'><strong>transilir</strong></span> 
     </span>
     <span class='ocr_line' id='line_1_21' title="bbox 131 2563 1209 2636; baseline 0.003 -16"><span class='ocrx_word' id='word_1_172' title='bbox 131 2567 185 2621; x_wconf 71' lang='lat' dir='ltr'><strong>Jac.</strong></span> <span class='ocrx_word' id='word_1_173' title='bbox 193 2566 317 2623; x_wconf 81' lang='lat' dir='ltr'><strong>Perizon.</strong></span> <span class='ocrx_word' id='word_1_174' title='bbox 327 2564 355 2617; x_wconf 90' lang='lat' dir='ltr'><strong>in</strong></span> <span class='ocrx_word' id='word_1_175' title='bbox 364 2563 506 2618; x_wconf 83' lang='lat' dir='ltr'><strong>Animadv.</strong></span> <span class='ocrx_word' id='word_1_176' title='bbox 514 2564 582 2619; x_wconf 81' lang='lat' dir='ltr'><strong>Hist.</strong></span> <span class='ocrx_word' id='word_1_177' title='bbox 592 2586 647 2636; x_wconf 84' lang='lat' dir='ltr'><strong>cap.</strong></span> <span class='ocrx_word' id='word_1_178' title='bbox 694 2564 914 2631; x_wconf 61' lang='lat' dir='ltr'><strong>possete—Sensit,</strong></span> <span class='ocrx_word' id='word_1_179' title='bbox 924 2564 1023 2618; x_wconf 90' lang='lat' dir='ltr'><strong>damno</strong></span> <span class='ocrx_word' id='word_1_180' title='bbox 1031 2586 1079 2619; x_wconf 77' lang='lat' dir='ltr'><strong>cuo</strong></span> <span class='ocrx_word' id='word_1_181' title='bbox 1088 2581 1209 2636; x_wconf 79' lang='lat' dir='ltr'><strong>expertue</strong></span> 
     </span>
     <span class='ocr_line' id='line_1_22' title="bbox 131 2640 1210 2714; baseline 0.001 -16"><span class='ocrx_word' id='word_1_182' title='bbox 131 2660 187 2711; x_wconf 76' lang='lat' dir='ltr'><strong>vn,</strong></span> <span class='ocrx_word' id='word_1_183' title='bbox 201 2663 260 2714; x_wconf 77' lang='lat' dir='ltr'><strong>pag.</strong></span> <span class='ocrx_word' id='word_1_184' title='bbox 272 2644 336 2710; x_wconf 79' lang='lat'><strong>315,</strong></span> <span class='ocrx_word' id='word_1_185' title='bbox 349 2652 376 2695; x_wconf 90' lang='lat' dir='ltr'><strong>et</strong></span> <span class='ocrx_word' id='word_1_186' title='bbox 385 2640 490 2695; x_wconf 80' lang='lat' dir='ltr'><strong>Ernesti</strong></span> <span class='ocrx_word' id='word_1_187' title='bbox 501 2640 647 2696; x_wconf 79' lang='lat' dir='ltr'><strong>Excure.ad</strong></span> <span class='ocrx_word' id='word_1_188' title='bbox 695 2650 734 2693; x_wconf 80' lang='lat' dir='ltr'><strong>est</strong></span> <span class='ocrx_word' id='word_1_189' title='bbox 749 2640 806 2709; x_wconf 76' lang='lat' dir='ltr'><strong>eiua</strong></span> <span class='ocrx_word' id='word_1_190' title='bbox 822 2640 1016 2696; x_wconf 79' lang='lat' dir='ltr'><strong>fortitudinem.</strong></span> <span class='ocrx_word' id='word_1_191' title='bbox 1032 2644 1101 2698; x_wconf 87' lang='lat' dir='ltr'><strong>Vide</strong></span> <span class='ocrx_word' id='word_1_192' title='bbox 1114 2666 1164 2700; x_wconf 82' lang='lat' dir='ltr'><strong>noe</strong></span> <span class='ocrx_word' id='word_1_193' title='bbox 1176 2646 1210 2699; x_wconf 86' lang='lat' dir='ltr'><strong>ad</strong></span> 
     </span>
     <span class='ocr_line' id='line_1_23' title="bbox 131 2716 1211 2792; baseline -0.002 -13"><span class='ocrx_word' id='word_1_194' title='bbox 131 2725 243 2779; x_wconf 83' lang='lat' dir='ltr'><strong>Sneton.</strong></span> <span class='ocrx_word' id='word_1_195' title='bbox 253 2722 278 2776; x_wconf 89' lang='lat' dir='ltr'><strong>d.</strong></span> <span class='ocrx_word' id='word_1_196' title='bbox 286 2723 393 2775; x_wconf 87' lang='lat' dir='ltr'><strong>l.-Nos</strong></span> <span class='ocrx_word' id='word_1_197' title='bbox 403 2742 483 2791; x_wconf 80' lang='lat' dir='ltr'><strong>eques,</strong></span> <span class='ocrx_word' id='word_1_198' title='bbox 497 2722 549 2776; x_wconf 88' lang='lat' dir='ltr'><strong>scil.</strong></span> <span class='ocrx_word' id='word_1_199' title='bbox 560 2721 646 2792; x_wconf 81' lang='lat' dir='ltr'><strong>Equi·</strong></span> <span class='ocrx_word' id='word_1_200' title='bbox 694 2716 764 2770; x_wconf 89' lang='lat' dir='ltr'><strong>Plin.</strong></span> <span class='ocrx_word' id='word_1_201' title='bbox 772 2736 865 2789; x_wconf 75' lang='lat' dir='ltr'><strong>paneg.</strong></span> <span class='ocrx_word' id='word_1_202' title='bbox 878 2735 944 2787; x_wconf 80' lang='lat' dir='ltr'><strong>1v1,</strong></span> <span class='ocrx_word' id='word_1_203' title='bbox 957 2724 981 2773; x_wconf 82' lang='lat'><strong>5.</strong></span> <span class='ocrx_word' id='word_1_204' title='bbox 994 2721 1211 2777; x_wconf 83' lang='lat' dir='ltr'><strong>Homulnmeeu-</strong></span> 
     </span>
     <span class='ocr_line' id='line_1_24' title="bbox 132 2797 1211 2874; baseline -0.004 -14"><span class='ocrx_word' id='word_1_205' title='bbox 132 2817 187 2873; x_wconf 75' lang='lat' dir='ltr'><strong>tea,</strong></span> <span class='ocrx_word' id='word_1_206' title='bbox 204 2804 267 2874; x_wconf 84' lang='lat' dir='ltr'><strong>quia</strong></span> <span class='ocrx_word' id='word_1_207' title='bbox 278 2801 393 2857; x_wconf 71' lang='lat' dir='ltr'><strong>Ovidius</strong></span> <span class='ocrx_word' id='word_1_208' title='bbox 404 2822 419 2855; x_wconf 90' lang='lat' dir='ltr'><strong>e</strong></span> <span class='ocrx_word' id='word_1_209' title='bbox 433 2813 511 2873; x_wconf 80' lang='lat' dir='ltr'><strong>gente</strong></span> <span class='ocrx_word' id='word_1_210' title='bbox 524 2802 647 2871; x_wconf 72' lang='lat' dir='ltr'><strong>equestri.</strong></span> <span class='ocrx_word' id='word_1_211' title='bbox 693 2797 727 2853; x_wconf 78' lang='lat' dir='ltr'><strong>sit</strong></span> <span class='ocrx_word' id='word_1_212' title='bbox 740 2802 842 2863; x_wconf 83' lang='lat' dir='ltr'><strong>Tatius,</strong></span> <span class='ocrx_word' id='word_1_213' title='bbox 852 2820 935 2869; x_wconf 90' lang='lat' dir='ltr'><strong>quum</strong></span> <span class='ocrx_word' id='word_1_214' title='bbox 943 2802 1171 2856; x_wconf 83' lang='lat' dir='ltr'><strong>interPalatinum</strong></span> <span class='ocrx_word' id='word_1_215' title='bbox 1183 2815 1211 2857; x_wconf 87' lang='lat' dir='ltr'><strong>et</strong></span> 
     </span>
     <span class='ocr_line' id='line_1_25' title="bbox 130 2876 1210 2951; baseline -0.003 -12"><span class='ocrx_word' id='word_1_216' title='bbox 130 2883 253 2939; x_wconf 80' lang='lat' dir='ltr'><strong>Gratiam</strong></span> <span class='ocrx_word' id='word_1_217' title='bbox 261 2881 373 2951; x_wconf 82' lang='lat' dir='ltr'><strong>Augusti</strong></span> <span class='ocrx_word' id='word_1_218' title='bbox 382 2881 647 2949; x_wconf 83' lang='lat' dir='ltr'><strong>meriturus,sequo·</strong></span> <span class='ocrx_word' id='word_1_219' title='bbox 696 2876 877 2947; x_wconf 85' lang='lat' dir='ltr'><strong>Capitolinum</strong></span> <span class='ocrx_word' id='word_1_220' title='bbox 890 2878 994 2933; x_wconf 88' lang='lat' dir='ltr'><strong>Collem</strong></span> <span class='ocrx_word' id='word_1_221' title='bbox 1011 2880 1119 2947; x_wconf 84' lang='lat' dir='ltr'><strong>Sabini,</strong></span> <span class='ocrx_word' id='word_1_222' title='bbox 1136 2902 1210 2951; x_wconf 87' lang='lat' dir='ltr'><strong>quo-</strong></span> 
     </span>
     <span class='ocr_line' id='line_1_26' title="bbox 131 2956 1211 3030; baseline -0.002 -17"><span class='ocrx_word' id='word_1_223' title='bbox 131 2980 180 3030; x_wconf 86' lang='lat' dir='ltr'><strong>que</strong></span> <span class='ocrx_word' id='word_1_224' title='bbox 191 2958 489 3012; x_wconf 74' lang='lat' dir='ltr'><strong>memorat-Reserate</strong></span> <span class='ocrx_word' id='word_1_225' title='bbox 497 2960 582 3022; x_wconf 59' lang='lat' dir='ltr'><strong>dedic</strong></span> <span class='ocrx_word' id='word_1_226' title='bbox 597 2957 648 3010; x_wconf 85' lang='lat' dir='ltr'><strong>ita·</strong></span> <span class='ocrx_word' id='word_1_227' title='bbox 693 2974 755 3008; x_wconf 88' lang='lat' dir='ltr'><strong>rum</strong></span> <span class='ocrx_word' id='word_1_228' title='bbox 767 2956 920 3025; x_wconf 74' lang='lat' dir='ltr'><strong>metropolis</strong></span> <span class='ocrx_word' id='word_1_229' title='bbox 933 2958 1024 3017; x_wconf 79' lang='lat' dir='ltr'><strong>Cures,</strong></span> <span class='ocrx_word' id='word_1_230' title='bbox 1041 2957 1133 3027; x_wconf 81' lang='lat' dir='ltr'><strong>proelio</strong></span> <span class='ocrx_word' id='word_1_231' title='bbox 1145 2960 1211 3011; x_wconf 83' lang='lat' dir='ltr'><strong>sun-</strong></span> 
     </span>
     <span class='ocr_line' id='line_1_27' title="bbox 131 3032 1210 3109; baseline -0.002 -18"><span class='ocrx_word' id='word_1_232' title='bbox 131 3059 181 3109; x_wconf 85' lang='lat' dir='ltr'><strong>que</strong></span> <span class='ocrx_word' id='word_1_233' title='bbox 196 3048 224 3091; x_wconf 89' lang='lat' dir='ltr'><strong>et</strong></span> <span class='ocrx_word' id='word_1_234' title='bbox 236 3037 332 3089; x_wconf 85' lang='lat' dir='ltr'><strong>Horat.</strong></span> <span class='ocrx_word' id='word_1_235' title='bbox 347 3035 377 3102; x_wconf 94' lang='lat' dir='ltr'><strong>l,</strong></span> <span class='ocrx_word' id='word_1_236' title='bbox 391 3034 445 3089; x_wconf 88' lang='lat' dir='ltr'><strong>Od.</strong></span> <span class='ocrx_word' id='word_1_237' title='bbox 457 3052 496 3103; x_wconf 89' lang='lat'><strong>11,</strong></span> <span class='ocrx_word' id='word_1_238' title='bbox 513 3038 562 3097; x_wconf 86' lang='lat' dir='ltr'><strong>5o;</strong></span> <span class='ocrx_word' id='word_1_239' title='bbox 576 3034 645 3101; x_wconf 90' lang='lat' dir='ltr'><strong>Xll,</strong></span> <span class='ocrx_word' id='word_1_240' title='bbox 695 3032 1210 3089; x_wconf 64' lang='lat' dir='ltr'><strong>detentae-ceninensestevicertami-</strong></span> 
     </span>
     <span class='ocr_line' id='line_1_28' title="bbox 129 3110 1209 3189; baseline -0.004 -16"><span class='ocrx_word' id='word_1_241' title='bbox 129 3123 177 3189; x_wconf 77' lang='lat'><strong>57,</strong></span> <span class='ocrx_word' id='word_1_242' title='bbox 192 3136 257 3171; x_wconf 87' lang='lat' dir='ltr'><strong>enm</strong></span> <span class='ocrx_word' id='word_1_243' title='bbox 271 3126 332 3169; x_wconf 85' lang='lat' dir='ltr'><strong>ante</strong></span> <span class='ocrx_word' id='word_1_244' title='bbox 347 3114 383 3169; x_wconf 79' lang='lat' dir='ltr'><strong>sic</strong></span> <span class='ocrx_word' id='word_1_245' title='bbox 395 3115 504 3173; x_wconf 82' lang='lat' dir='ltr'><strong>vocavit.</strong></span> <span class='ocrx_word' id='word_1_246' title='bbox 519 3114 648 3168; x_wconf 81' lang='lat' dir='ltr'><strong>Similiter</strong></span> <span class='ocrx_word' id='word_1_247' title='bbox 694 3130 729 3163; x_wconf 87' lang='lat' dir='ltr'><strong>ne</strong></span> <span class='ocrx_word' id='word_1_248' title='bbox 742 3110 849 3178; x_wconf 86' lang='lat' dir='ltr'><strong>docuit,</strong></span> <span class='ocrx_word' id='word_1_249' title='bbox 867 3132 963 3165; x_wconf 81' lang='lat' dir='ltr'><strong>vanam</strong></span> <span class='ocrx_word' id='word_1_250' title='bbox 974 3113 1031 3165; x_wconf 79' lang='lat' dir='ltr'><strong>aine</strong></span> <span class='ocrx_word' id='word_1_251' title='bbox 1044 3112 1141 3167; x_wconf 71' lang='lat' dir='ltr'><strong>viribus</strong></span> <span class='ocrx_word' id='word_1_252' title='bbox 1153 3133 1209 3169; x_wconf 67' lang='lat' dir='ltr'><strong>esse</strong></span> 
     </span>
     <span class='ocr_line' id='line_1_29' title="bbox 132 3190 1210 3265; baseline -0.003 -13"><span class='ocrx_word' id='word_1_253' title='bbox 132 3197 164 3252; x_wconf 80' lang='lat' dir='ltr'><strong>tle</strong></span> <span class='ocrx_word' id='word_1_254' title='bbox 173 3196 306 3265; x_wconf 75' lang='lat' dir='ltr'><strong>Traiano,</strong></span> <span class='ocrx_word' id='word_1_255' title='bbox 316 3194 485 3265; x_wconf 77' lang='lat' dir='ltr'><strong>Plinpaneg.</strong></span> <span class='ocrx_word' id='word_1_256' title='bbox 498 3213 544 3259; x_wconf 75' lang='lat' dir='ltr'><strong>ar,</strong></span> <span class='ocrx_word' id='word_1_257' title='bbox 557 3191 647 3261; x_wconf 86' lang='lat' dir='ltr'><strong>dispu-</strong></span> <span class='ocrx_word' id='word_1_258' title='bbox 694 3190 769 3245; x_wconf 87' lang='lat' dir='ltr'><strong>iram.</strong></span> <span class='ocrx_word' id='word_1_259' title='bbox 777 3220 809 3231; x_wconf 96' lang='lat'>-</span> <span class='ocrx_word' id='word_1_260' title='bbox 826 3194 960 3261; x_wconf 80' lang='lat' dir='ltr'><strong>Utrumque</strong></span> <span class='ocrx_word' id='word_1_261' title='bbox 971 3198 1052 3255; x_wconf 80' lang='lat' dir='ltr'><strong>latus,</strong></span> <span class='ocrx_word' id='word_1_262' title='bbox 1066 3203 1136 3247; x_wconf 79' lang='lat' dir='ltr'><strong>terra</strong></span> <span class='ocrx_word' id='word_1_263' title='bbox 1148 3215 1210 3249; x_wconf 89' lang='lat' dir='ltr'><strong>me-</strong></span> 
     </span>
     <span class='ocr_line' id='line_1_30' title="bbox 131 3270 1207 3343; baseline -0.003 -14"><span class='ocrx_word' id='word_1_264' title='bbox 131 3285 183 3343; x_wconf 78' lang='lat' dir='ltr'><strong>tat,</strong></span> <span class='ocrx_word' id='word_1_265' title='bbox 204 3274 251 3327; x_wconf 84' lang='lat' dir='ltr'><strong>ubi</strong></span> <span class='ocrx_word' id='word_1_266' title='bbox 270 3272 334 3327; x_wconf 70' lang='lat' dir='ltr'><strong>salto</strong></span> <span class='ocrx_word' id='word_1_267' title='bbox 351 3272 473 3339; x_wconf 80' lang='lat' dir='ltr'><strong>additur,</strong></span> <span class='ocrx_word' id='word_1_268' title='bbox 488 3293 501 3317; x_wconf 71' lang='lat' dir='ltr'><strong>o</strong></span> <span class='ocrx_word' id='word_1_269' title='bbox 519 3270 566 3324; x_wconf 80' lang='lat' dir='ltr'><strong>soli</strong></span> <span class='ocrx_word' id='word_1_270' title='bbox 582 3288 646 3323; x_wconf 88' lang='lat' dir='ltr'><strong>om·</strong></span> <span class='ocrx_word' id='word_1_271' title='bbox 693 3270 827 3323; x_wconf 78' lang='lat' dir='ltr'><strong>ridionalie</strong></span> <span class='ocrx_word' id='word_1_272' title='bbox 844 3283 872 3325; x_wconf 93' lang='lat' dir='ltr'><strong>et</strong></span> <span class='ocrx_word' id='word_1_273' title='bbox 881 3273 1109 3342; x_wconf 75' lang='lat' dir='ltr'><strong>septemtrionalis.</strong></span> <span class='ocrx_word' id='word_1_274' title='bbox 1126 3273 1207 3343; x_wconf 81' lang='lat' dir='ltr'><strong>Apud</strong></span> 
     </span>
     <span class='ocr_line' id='line_1_31' title="bbox 133 3348 1212 3423; baseline 0.002 -20"><span class='ocrx_word' id='word_1_275' title='bbox 133 3378 145 3403; x_wconf 71' lang='grc' dir='ltr'><strong>ι</strong></span> <span class='ocrx_word' id='word_1_276' title='bbox 156 3354 235 3407; x_wconf 88' lang='lat' dir='ltr'><strong>nium</strong></span> <span class='ocrx_word' id='word_1_277' title='bbox 244 3350 355 3421; x_wconf 80' lang='lat' dir='ltr'><strong>contigit</strong></span> <span class='ocrx_word' id='word_1_278' title='bbox 366 3350 426 3417; x_wconf 91' lang='lat' dir='ltr'><strong>tibi,</strong></span> <span class='ocrx_word' id='word_1_279' title='bbox 436 3360 466 3403; x_wconf 91' lang='lat' dir='ltr'><strong>ut</strong></span> <span class='ocrx_word' id='word_1_280' title='bbox 475 3360 549 3419; x_wconf 85' lang='lat' dir='ltr'><strong>pater</strong></span> <span class='ocrx_word' id='word_1_281' title='bbox 558 3349 646 3418; x_wconf 68' lang='lat' dir='ltr'><strong>patrie</strong></span> <span class='ocrx_word' id='word_1_282' title='bbox 695 3350 791 3403; x_wconf 85' lang='lat' dir='ltr'><strong>Horat.</strong></span> <span class='ocrx_word' id='word_1_283' title='bbox 799 3350 826 3414; x_wconf 92' lang='lat' dir='ltr'><strong>l,</strong></span> <span class='ocrx_word' id='word_1_284' title='bbox 836 3348 888 3403; x_wconf 94' lang='lat' dir='ltr'><strong>Od.</strong></span> <span class='ocrx_word' id='word_1_285' title='bbox 897 3367 973 3416; x_wconf 70' lang='grc' dir='ltr'><strong>ωε,</strong></span> <span class='ocrx_word' id='word_1_286' title='bbox 987 3372 1032 3423; x_wconf 79' lang='lat'><strong>19,</strong></span> <span class='ocrx_word' id='word_1_287' title='bbox 1043 3355 1113 3403; x_wconf 81' lang='lat' dir='ltr'><strong>latus</strong></span> <span class='ocrx_word' id='word_1_288' title='bbox 1121 3355 1212 3406; x_wconf 76' lang='lat' dir='ltr'><strong>mundi</strong></span> 
     </span>
     <span class='ocr_line' id='line_1_32' title="bbox 130 3424 1207 3501; baseline 0 -16"><span class='ocrx_word' id='word_1_289' title='bbox 130 3456 146 3479; x_wconf 72' lang='grc' dir='ltr'><strong><em>ι</em></strong></span> <span class='ocrx_word' id='word_1_290' title='bbox 158 3451 228 3485; x_wconf 68' lang='lat' dir='ltr'><strong>essee</strong></span> <span class='ocrx_word' id='word_1_291' title='bbox 238 3440 317 3496; x_wconf 87' lang='lat' dir='ltr'><strong>ante,</strong></span> <span class='ocrx_word' id='word_1_292' title='bbox 329 3446 408 3498; x_wconf 88' lang='lat' dir='ltr'><strong>quam</strong></span> <span class='ocrx_word' id='word_1_293' title='bbox 420 3427 525 3481; x_wconf 77' lang='lat' dir='ltr'><strong>fieres.»</strong></span> <span class='ocrx_word' id='word_1_294' title='bbox 534 3429 588 3479; x_wconf 83' lang='lat' dir='ltr'><strong>Bes</strong></span> <span class='ocrx_word' id='word_1_295' title='bbox 599 3445 648 3479; x_wconf 91' lang='lat' dir='ltr'><strong>au·</strong></span> <span class='ocrx_word' id='word_1_296' title='bbox 694 3424 727 3479; x_wconf 88' lang='lat' dir='ltr'><strong>de</strong></span> <span class='ocrx_word' id='word_1_297' title='bbox 740 3427 813 3497; x_wconf 78' lang='lat' dir='ltr'><strong>plaga</strong></span> <span class='ocrx_word' id='word_1_298' title='bbox 824 3428 930 3482; x_wconf 83' lang='lat' dir='ltr'><strong>boreali.</strong></span> <span class='ocrx_word' id='word_1_299' title='bbox 943 3429 1122 3497; x_wconf 82' lang='lat' dir='ltr'><strong>Claudianus,</strong></span> <span class='ocrx_word' id='word_1_300' title='bbox 1136 3432 1207 3501; x_wconf 81' lang='lat' dir='ltr'><strong>XX,</strong></span> 
     </span>
     <span class='ocr_line' id='line_1_33' title="bbox 133 3503 1207 3576; baseline -0.002 -12"><span class='ocrx_word' id='word_1_301' title='bbox 133 3522 186 3564; x_wconf 89' lang='lat' dir='ltr'><strong>tem</strong></span> <span class='ocrx_word' id='word_1_302' title='bbox 194 3509 246 3562; x_wconf 78' lang='lat' dir='ltr'><strong>niel</strong></span> <span class='ocrx_word' id='word_1_303' title='bbox 257 3518 317 3561; x_wconf 87' lang='lat' dir='ltr'><strong>ante</strong></span> <span class='ocrx_word' id='word_1_304' title='bbox 328 3504 401 3559; x_wconf 84' lang='lat' dir='ltr'><strong>dedit</strong></span> <span class='ocrx_word' id='word_1_305' title='bbox 412 3503 588 3559; x_wconf 84' lang='lat' dir='ltr'><strong>honorificum</strong></span> <span class='ocrx_word' id='word_1_306' title='bbox 598 3523 647 3557; x_wconf 89' lang='lat' dir='ltr'><strong>no·</strong></span> <span class='ocrx_word' id='word_1_307' title='bbox 694 3507 756 3571; x_wconf 77' lang='lat'><strong>242,</strong></span> <span class='ocrx_word' id='word_1_308' title='bbox 768 3510 882 3558; x_wconf 80' lang='lat' dir='ltr'><strong>australe</strong></span> <span class='ocrx_word' id='word_1_309' title='bbox 892 3510 968 3559; x_wconf 78' lang='lat' dir='ltr'><strong>latus.</strong></span> <span class='ocrx_word' id='word_1_310' title='bbox 982 3507 1093 3561; x_wconf 77' lang='lat' dir='ltr'><strong>Lenzius</strong></span> <span class='ocrx_word' id='word_1_311' title='bbox 1102 3520 1207 3576; x_wconf 84' lang='lat' dir='ltr'><strong>partem</strong></span> 
     </span>
     <span class='ocr_line' id='line_1_34' title="bbox 132 3581 1208 3653; baseline -0.003 -11"><span class='ocrx_word' id='word_1_312' title='bbox 132 3607 215 3653; x_wconf 85' lang='lat' dir='ltr'><strong>men,</strong></span> <span class='ocrx_word' id='word_1_313' title='bbox 236 3602 311 3639; x_wconf 85' lang='lat' dir='ltr'><strong>mera</strong></span> <span class='ocrx_word' id='word_1_314' title='bbox 329 3584 357 3637; x_wconf 93' lang='lat' dir='ltr'><strong>in</strong></span> <span class='ocrx_word' id='word_1_315' title='bbox 378 3603 410 3637; x_wconf 88' lang='lat' dir='ltr'><strong>eo</strong></span> <span class='ocrx_word' id='word_1_316' title='bbox 428 3593 467 3637; x_wconf 79' lang='lat' dir='ltr'><strong>est</strong></span> <span class='ocrx_word' id='word_1_317' title='bbox 485 3581 647 3635; x_wconf 79' lang='lat' dir='ltr'><strong>adulatio-</strong></span> <span class='ocrx_word' id='word_1_318' title='bbox 694 3584 850 3646; x_wconf 76' lang='lat' dir='ltr'><strong>orientalem</strong></span> <span class='ocrx_word' id='word_1_319' title='bbox 862 3595 889 3637; x_wconf 89' lang='lat' dir='ltr'><strong>et</strong></span> <span class='ocrx_word' id='word_1_320' title='bbox 900 3585 1089 3639; x_wconf 84' lang='lat' dir='ltr'><strong>occidentalem</strong></span> <span class='ocrx_word' id='word_1_321' title='bbox 1104 3587 1208 3639; x_wconf 88' lang='lat' dir='ltr'><strong>intelli-</strong></span> 
     </span>
     <span class='ocr_line' id='line_1_35' title="bbox 131 3660 1208 3735; baseline -0.004 -16"><span class='ocrx_word' id='word_1_322' title='bbox 131 3668 238 3735; x_wconf 76' lang='lat' dir='ltr'><strong>err&#39;ter,</strong></span> <span class='ocrx_word' id='word_1_323' title='bbox 250 3673 356 3717; x_wconf 84' lang='lat' dir='ltr'><strong>anctore</strong></span> <span class='ocrx_word' id='word_1_324' title='bbox 366 3662 489 3727; x_wconf 83' lang='lat' dir='ltr'><strong>Horatio,</strong></span> <span class='ocrx_word' id='word_1_325' title='bbox 498 3679 577 3713; x_wconf 91' lang='lat' dir='ltr'><strong>curru</strong></span> <span class='ocrx_word' id='word_1_326' title='bbox 586 3678 647 3729; x_wconf 83' lang='lat' dir='ltr'><strong>qua·</strong></span> <span class='ocrx_word' id='word_1_327' title='bbox 694 3661 738 3731; x_wconf 79' lang='lat' dir='ltr'><strong>git.</strong></span> <span class='ocrx_word' id='word_1_328' title='bbox 747 3660 879 3731; x_wconf 88' lang='lat' dir='ltr'><strong>Equidem</strong></span> <span class='ocrx_word' id='word_1_329' title='bbox 887 3673 993 3732; x_wconf 85' lang='lat' dir='ltr'><strong>putem,</strong></span> <span class='ocrx_word' id='word_1_330' title='bbox 1003 3674 1092 3715; x_wconf 91' lang='lat' dir='ltr'><strong>ortum</strong></span> <span class='ocrx_word' id='word_1_331' title='bbox 1101 3672 1127 3714; x_wconf 88' lang='lat' dir='ltr'><strong>et</strong></span> <span class='ocrx_word' id='word_1_332' title='bbox 1136 3681 1208 3715; x_wconf 86' lang='lat' dir='ltr'><strong>occa·</strong></span> 
     </span>
     <span class='ocr_line' id='line_1_36' title="bbox 133 3737 1208 3812; baseline -0.004 -13"><span class='ocrx_word' id='word_1_333' title='bbox 133 3743 213 3800; x_wconf 87' lang='lat' dir='ltr'><strong>tiebat</strong></span> <span class='ocrx_word' id='word_1_334' title='bbox 226 3740 394 3812; x_wconf 83' lang='lat' dir='ltr'><strong>Olympum,</strong></span> <span class='ocrx_word' id='word_1_335' title='bbox 410 3738 498 3793; x_wconf 79' lang='lat' dir='ltr'><strong>Caesar</strong></span> <span class='ocrx_word' id='word_1_336' title='bbox 509 3737 592 3790; x_wconf 83' lang='lat' dir='ltr'><strong>latum</strong></span> <span class='ocrx_word' id='word_1_337' title='bbox 604 3757 649 3789; x_wconf 90' lang='lat' dir='ltr'><strong>or·</strong></span> <span class='ocrx_word' id='word_1_338' title='bbox 693 3758 753 3805; x_wconf 67' lang='lat' dir='ltr'><strong>oum</strong></span> <span class='ocrx_word' id='word_1_339' title='bbox 766 3738 826 3793; x_wconf 80' lang='lat' dir='ltr'><strong>solis</strong></span> <span class='ocrx_word' id='word_1_340' title='bbox 838 3760 891 3791; x_wconf 89' lang='lat' dir='ltr'><strong>non</strong></span> <span class='ocrx_word' id='word_1_341' title='bbox 904 3742 971 3793; x_wconf 89' lang='lat' dir='ltr'><strong>bene</strong></span> <span class='ocrx_word' id='word_1_342' title='bbox 985 3742 1042 3808; x_wconf 79' lang='lat' dir='ltr'><strong>ejus</strong></span> <span class='ocrx_word' id='word_1_343' title='bbox 1055 3744 1137 3792; x_wconf 82' lang='lat' dir='ltr'><strong>latero</strong></span> <span class='ocrx_word' id='word_1_344' title='bbox 1148 3739 1208 3796; x_wconf 88' lang='lat' dir='ltr'><strong>dici.</strong></span> 
     </span>
     <span class='ocr_line' id='line_1_37' title="bbox 133 3815 1203 3889; baseline -0.004 -14"><span class='ocrx_word' id='word_1_345' title='bbox 133 3822 193 3875; x_wconf 88' lang='lat' dir='ltr'><strong>bem</strong></span> <span class='ocrx_word' id='word_1_346' title='bbox 205 3819 322 3889; x_wconf 80' lang='lat' dir='ltr'><strong>regebat.</strong></span> <span class='ocrx_word' id='word_1_347' title='bbox 334 3817 387 3870; x_wconf 88' lang='lat' dir='ltr'><strong>Sed</strong></span> <span class='ocrx_word' id='word_1_348' title='bbox 400 3818 495 3870; x_wconf 85' lang='lat' dir='ltr'><strong>Noster</strong></span> <span class='ocrx_word' id='word_1_349' title='bbox 506 3815 532 3868; x_wconf 91' lang='lat' dir='ltr'><strong>id</strong></span> <span class='ocrx_word' id='word_1_350' title='bbox 543 3834 648 3869; x_wconf 86' lang='lat' dir='ltr'><strong>accom-</strong></span> <span class='ocrx_word' id='word_1_351' title='bbox 694 3818 818 3878; x_wconf 73' lang='lat' dir='ltr'><strong>-Bm›e,</strong></span> <span class='ocrx_word' id='word_1_352' title='bbox 832 3817 954 3886; x_wconf 76' lang='lat' dir='ltr'><strong>exiguum</strong></span> <span class='ocrx_word' id='word_1_353' title='bbox 962 3857 969 3882; x_wconf 91' lang='lat'><strong>,</strong></span> <span class='ocrx_word' id='word_1_354' title='bbox 978 3828 1007 3870; x_wconf 94' lang='lat' dir='ltr'><strong>ut</strong></span> <span class='ocrx_word' id='word_1_355' title='bbox 1018 3821 1096 3869; x_wconf 71' lang='lat' dir='ltr'><strong>brevis</strong></span> <span class='ocrx_word' id='word_1_356' title='bbox 1104 3837 1203 3881; x_wconf 78' lang='lat' dir='ltr'><strong>census,</strong></span> 
     </span>
     <span class='ocr_line' id='line_1_38' title="bbox 134 3894 1206 3965; baseline -0.005 -12"><span class='ocrx_word' id='word_1_357' title='bbox 134 3898 251 3953; x_wconf 81' lang='lat' dir='ltr'><strong>modarit</strong></span> <span class='ocrx_word' id='word_1_358' title='bbox 263 3894 366 3948; x_wconf 88' lang='lat' dir='ltr'><strong>nomini</strong></span> <span class='ocrx_word' id='word_1_359' title='bbox 378 3898 461 3948; x_wconf 83' lang='lat' dir='ltr'><strong>Pater.</strong></span> <span class='ocrx_word' id='word_1_360' title='bbox 694 3898 868 3961; x_wconf 67' lang='lat' dir='ltr'><strong>brevepoadus</strong></span> <span class='ocrx_word' id='word_1_361' title='bbox 880 3896 948 3965; x_wconf 81' lang='lat' dir='ltr'><strong>aprrd</strong></span> <span class='ocrx_word' id='word_1_362' title='bbox 960 3895 1054 3947; x_wconf 83' lang='lat' dir='ltr'><strong>Horat.</strong></span> <span class='ocrx_word' id='word_1_363' title='bbox 1065 3922 1098 3934; x_wconf 92' lang='lat'><strong>·-</strong></span> <span class='ocrx_word' id='word_1_364' title='bbox 1113 3899 1206 3962; x_wconf 79' lang='lat' dir='ltr'><strong>Quod-</strong></span> 
     </span>
    </p>

    <p class='ocr_par' dir='ltr' id='par_1_4' title="bbox 133 3954 1209 4283">
     <span class='ocr_line' id='line_1_39' title="bbox 170 3954 1207 4043; baseline -0.004 -14"><span class='ocrx_word' id='word_1_365' title='bbox 170 3974 223 4029; x_wconf 83' lang='lat'><strong>133.</strong></span> <span class='ocrx_word' id='word_1_366' title='bbox 233 3972 317 4027; x_wconf 84' lang='lat' dir='ltr'><strong>Grata</strong></span> <span class='ocrx_word' id='word_1_367' title='bbox 326 3983 400 4025; x_wconf 76' lang='lat' dir='ltr'><strong>estet</strong></span> <span class='ocrx_word' id='word_1_368' title='bbox 410 3991 458 4025; x_wconf 81' lang='lat' dir='ltr'><strong>eno</strong></span> <span class='ocrx_word' id='word_1_369' title='bbox 466 3954 523 4025; x_wconf 68' lang='lat' dir='ltr'><strong>loc⁸o</strong></span> <span class='ocrx_word' id='word_1_370' title='bbox 533 3968 647 4023; x_wconf 81' lang='lat' dir='ltr'><strong>adhibita</strong></span> <span class='ocrx_word' id='word_1_371' title='bbox 692 3981 855 4038; x_wconf 60' lang='lat' dir='ltr'><strong>,cumqueesh</strong></span> <span class='ocrx_word' id='word_1_372' title='bbox 863 4012 868 4023; x_wconf 93' lang='lat'><strong>.</strong></span> <span class='ocrx_word' id='word_1_373' title='bbox 876 4013 882 4024; x_wconf 92' lang='lat'><strong>.</strong></span> <span class='ocrx_word' id='word_1_374' title='bbox 889 3975 972 4023; x_wconf 77' lang='lat' dir='ltr'><strong>habet.</strong></span> <span class='ocrx_word' id='word_1_375' title='bbox 983 3972 1023 4023; x_wconf 81' lang='lat' dir='ltr'><strong>Cf.</strong></span> <span class='ocrx_word' id='word_1_376' title='bbox 1032 3972 1058 4038; x_wconf 96' lang='lat' dir='ltr'><strong>l,</strong></span> <span class='ocrx_word' id='word_1_377' title='bbox 1071 3974 1103 4026; x_wconf 80' lang='lat'><strong>85</strong></span> <span class='ocrx_word' id='word_1_378' title='bbox 1110 3992 1166 4043; x_wconf 81' lang='lat' dir='ltr'><strong>sqq.</strong></span> <span class='ocrx_word' id='word_1_379' title='bbox 1175 4000 1207 4017; x_wconf 85' lang='lat'><strong>-·</strong></span> 
     </span>
     <span class='ocr_line' id='line_1_40' title="bbox 133 4050 1209 4120; baseline -0.004 -13"><span class='ocrx_word' id='word_1_380' title='bbox 133 4050 187 4107; x_wconf 72' lang='lat' dir='ltr'><strong>ltaec</strong></span> <span class='ocrx_word' id='word_1_381' title='bbox 197 4051 322 4117; x_wconf 82' lang='lat' dir='ltr'><strong>Romuli,</strong></span> <span class='ocrx_word' id='word_1_382' title='bbox 332 4050 646 4120; x_wconf 84' lang='lat' dir='ltr'><strong>primiconditoris,curu</strong></span> <span class='ocrx_word' id='word_1_383' title='bbox 695 4052 768 4101; x_wconf 84' lang='lat' dir='ltr'><strong>Duce</strong></span> <span class='ocrx_word' id='word_1_384' title='bbox 780 4068 814 4101; x_wconf 81' lang='lat' dir='ltr'><strong>se.</strong></span> <span class='ocrx_word' id='word_1_385' title='bbox 834 4051 932 4099; x_wconf 72' lang='lat' dir='ltr'><strong>Ilucem</strong></span> <span class='ocrx_word' id='word_1_386' title='bbox 946 4069 1018 4103; x_wconf 91' lang='lat' dir='ltr'><strong>nunc</strong></span> <span class='ocrx_word' id='word_1_387' title='bbox 1032 4050 1102 4102; x_wconf 82' lang='lat' dir='ltr'><strong>varie</strong></span> <span class='ocrx_word' id='word_1_388' title='bbox 1118 4052 1209 4105; x_wconf 85' lang='lat' dir='ltr'><strong>inter-</strong></span> 
     </span>
     <span class='ocr_line' id='line_1_41' title="bbox 136 4126 1208 4203; baseline -0.006 -18"><span class='ocrx_word' id='word_1_389' title='bbox 136 4132 257 4203; x_wconf 76' lang='lat' dir='ltr'><strong>Augueto</strong></span> <span class='ocrx_word' id='word_1_390' title='bbox 270 4130 448 4200; x_wconf 84' lang='lat' dir='ltr'><strong>comparatio,</strong></span> <span class='ocrx_word' id='word_1_391' title='bbox 462 4148 541 4199; x_wconf 90' lang='lat' dir='ltr'><strong>quem</strong></span> <span class='ocrx_word' id='word_1_392' title='bbox 551 4128 647 4180; x_wconf 81' lang='lat' dir='ltr'><strong>Vellei.</strong></span> <span class='ocrx_word' id='word_1_393' title='bbox 695 4136 841 4196; x_wconf 85' lang='lat' dir='ltr'><strong>pretantur.</strong></span> <span class='ocrx_word' id='word_1_394' title='bbox 858 4126 928 4179; x_wconf 83' lang='lat' dir='ltr'><strong>Dan.</strong></span> <span class='ocrx_word' id='word_1_395' title='bbox 948 4128 1040 4181; x_wconf 79' lang='lat' dir='ltr'><strong>Heins.</strong></span> <span class='ocrx_word' id='word_1_396' title='bbox 1059 4130 1208 4197; x_wconf 84' lang='lat' dir='ltr'><strong>Imperato-</strong></span> 
     </span>
     <span class='ocr_line' id='line_1_42' title="bbox 136 4204 1207 4283; baseline -0.006 -18"><span class='ocrx_word' id='word_1_397' title='bbox 136 4212 240 4283; x_wconf 82' lang='lat' dir='ltr'><strong>ll,1.x,</strong></span> <span class='ocrx_word' id='word_1_398' title='bbox 257 4232 284 4279; x_wconf 85' lang='lat'><strong>1,</strong></span> <span class='ocrx_word' id='word_1_399' title='bbox 297 4210 410 4277; x_wconf 76' lang='lat' dir='ltr'><strong>alterum</strong></span> <span class='ocrx_word' id='word_1_400' title='bbox 420 4210 586 4266; x_wconf 86' lang='lat' dir='ltr'><strong>conditorem</strong></span> <span class='ocrx_word' id='word_1_401' title='bbox 595 4209 648 4278; x_wconf 82' lang='lat' dir='ltr'><strong>im-</strong></span> <span class='ocrx_word' id='word_1_402' title='bbox 694 4224 770 4283; x_wconf 89' lang='lat' dir='ltr'><strong>rem,</strong></span> <span class='ocrx_word' id='word_1_403' title='bbox 787 4204 919 4260; x_wconf 73' lang='lat' dir='ltr'><strong>Caesarem</strong></span> <span class='ocrx_word' id='word_1_404' title='bbox 934 4206 1063 4277; x_wconf 75' lang='lat' dir='ltr'><strong>intelligit.</strong></span> <span class='ocrx_word' id='word_1_405' title='bbox 1078 4208 1207 4266; x_wconf 81' lang='lat' dir='ltr'><strong>Burman.</strong></span> 
     </span>
    </p>
   </div>
   <div class='ocr_carea' id='block_1_4' title="bbox 235 4302 1074 4390">
    <p class='ocr_par' dir='ltr' id='par_1_5' title="bbox 235 4302 1074 4390">
     <span class='ocr_line' id='line_1_43' title="bbox 235 4302 1074 4390; baseline 0.015 -13"><span class='ocrx_word' id='word_1_406' title='bbox 235 4302 306 4377; x_wconf 86' lang='lat' dir='ltr'><strong>VI·</strong></span> <span class='ocrx_word' id='word_1_407' title='bbox 1055 4326 1074 4390; x_wconf 79' lang='lat'><strong>7</strong></span> 
     </span>
    </p>
   </div>
   <div class='ocr_carea' id='block_1_5' title="bbox 0 0 1518 5009">
    <p class='ocr_par' dir='ltr' id='par_1_6' title="bbox 0 0 1518 5009">
     <span class='ocr_line' id='line_1_44' title="bbox 0 0 1518 5009; baseline 0 1"><span class='ocrx_word' id='word_1_408' title='bbox 0 0 1518 5009; x_wconf 95' lang='lat' dir='ltr'><strong> </strong></span> 
     </span>
    </p>
   </div>
  </div>
 </body>
</html>
