3025 5009
425 518 735 589 FASTORUM
766 520 868 587 LIB.
900 521 928 586 Ι.
1175 525 1216 589 23

192 657 337 758 Auspice
356 675 390 733 te
407 658 488 735 selix
504 677 596 735 totus
613 674 653 733 ut
668 685 776 732 annus
791 677 854 732 eat.

145 772 324 847 Teutone
343 774 508 870 digereret
524 803 629 877 quum
647 774 805 849 eonditor
820 774 937 865 urbis,
953 775 990 850 in
1010 805 1096 851 anuo

191 889 378 964 Constituit
394 920 525 967 meuses
544 892 693 993 quinque
708 890 764 965 his
782 918 855 965 esso
868 918 942 965 sno.

146 1006 278 1081 Scilicet
294 1036 385 1082 orma
400 1009 526 1104 magis,
548 1036 649 1109 quern
667 1008 795 1095 sidera,
811 1006 975 1095 Romule,
991 1034 1113 1083 noros:

192 1124 348 1225 Curaque
365 1124 531 1199 finitimos
543 1122 673 1199 viueem
691 1126 799 1224 major
813 1142 893 1199 erat.
1188 1148 1222 1201 so

142 1240 203 1312 Est
221 1256 330 1314 tamen
349 1258 384 1315 et
401 1240 508 1329 ratio,
528 1240 656 1330 Cesar,
678 1270 752 1343 quae
767 1242 910 1318 moverit
924 1240 1041 1317 illum:

188 1354 415 1457 Erroremque
433 1384 533 1431 suum
550 1386 619 1458 quo
639 1374 792 1447 tuentur,
812 1351 925 1434 hehet.

144 1556 195 1607 185.
205 1581 239 1595 -
254 1556 336 1608 Voles
344 1560 413 1609 vatis
419 1576 429 1623 ,·
446 1557 488 1612 1V
503 1578 534 1612 ex
549 1558 653 1626 Ponto,

140 1646 209 1699 vsu,
219 1632 262 1702 57,
271 1632 304 1685 ad
312 1634 439 1688 eumdem
447 1636 653 1703 Germanicum,

141 1732 153 1755 s
167 1710 228 1764 Non
238 1722 314 1781 potes
325 1712 443 1767 officium
455 1715 520 1771 vatis
532 1726 656 1771 rontem-

141 1808 155 1833 ι
166 1806 230 1841 nere
242 1799 324 1843 vaus.
334 1812 347 1836 ι
359 1818 394 1829 -
402 1794 552 1848 Felr'xlotus
562 1804 611 1848 etc.
624 1803 655 1848 ut

140 1865 208 1920 tona
215 1868 365 1922 totiusnnui
374 1870 515 1941 descriptio
522 1872 588 1927 milri
594 1891 656 1927 enu-

139 1945 229 2015 tinget
236 1946 294 2000 Sed
301 1946 335 2000 de
344 1947 568 2017 lectioneonspe'ce
575 1960 600 2005 te
606 1951 656 2005 dis·

140 2025 479 2091 putemnBeutleiusenim
487 2030 519 2082 ad
528 2029 594 2082 illud
600 2030 656 2084 Ho-

140 2102 214 2169 ndi,
227 2104 258 2169 l,
276 2102 332 2158 Od.
346 2124 375 2176 7,
389 2126 403 2152 s
416 2112 520 2176 auspice
535 2111 630 2163 Teucro
642 2132 656 2159 s

140 2180 280 2235 contendit
292 2221 300 2249 ‚
316 2188 446 2250 mpr'cen
459 2204 515 2238 non
526 2185 576 2239 nisi
589 2205 658 2255 pro-

140 2260 196 2327 prio
211 2279 293 2315 sensu
308 2260 342 2313 de
356 2259 466 2317 homine
478 2263 547 2332 dici,
565 2275 657 2319 mete-

140 2336 247 2406 pborieo
258 2358 367 2410 semper
378 2342 412 2396 de
425 2342 486 2396 Deo
499 2362 655 2411 occurrere,

140 2427 168 2469 ut
176 2423 284 2487 mps’oe
293 2422 385 2483 Mssa,
404 2428 507 2491 auspice
518 2426 583 2477 Deo.
597 2424 656 2477 lta-

141 2514 188 2565 que
199 2498 251 2552 lroe
262 2498 322 2553 loco
332 2500 439 2569 prefert
450 2501 597 2556 editionum
609 2520 656 2554 ve-

140 2586 269 2631 tustarum
294 2590 323 2632 et
342 2580 465 2635 codicum
477 2581 656 2653 quorumdam

139 2654 280 2711 lectionem
292 2659 492 2727 ouspr'cr'oselr'x.
504 2660 575 2716 Nihil
588 2660 656 2714 deli-

140 2736 177 2791 nit
183 2738 365 2793 Burmannus.
372 2738 443 2793 Mihi
449 2758 513 2810 sepo
521 2749 656 2809 argutatus

140 2834 191 2868 esse
206 2815 348 2869 Bentleius
367 2814 481 2871 videtur.
503 2815 558 2871 seo
577 2816 598 2869 si
613 2816 656 2869 vel

140 2896 251 2949 mutue
260 2895 438 2949 observationi
450 2895 507 2964 eius
514 2896 583 2949 ratio
589 2914 656 2949 oon-

139 2984 232 3042 staret,
241 2994 298 3029 non
310 2986 413 3029 temere
425 2985 515 3029 temen
526 2980 655 3043 auspicem

141 3053 236 3107 Noster
243 3054 408 3124 appellasset,
417 3074 509 3125 quem,
519 3064 655 3124 tamquam

141 3130 243 3199 Deum,
252 3142 377 3201 motum
387 3134 436 3187 sibi
448 3152 502 3187 esse
511 3144 656 3187 etanruere

141 3211 383 3283 voluisset-Regii
393 3212 496 3267 codices
503 3212 587 3266 nostri
596 3212 619 3265 A
628 3220 656 3265 et

141 3290 275 3346 Bhabent
286 3294 415 3360 Auspicio
420 3292 509 3361 selein
522 3302 549 3345 et
563 3290 591 3347 in
603 3310 655 3345 oo-

144 3370 197 3425 dice
208 3370 244 3440 C,
257 3373 344 3442 prima
352 3372 481 3444 scripture
492 3390 564 3426 ema
573 3412 580 3439 ,
589 3370 657 3441 legi-

145 3450 331 3505 turnsecunde
339 3448 655 3522 manuAnspr'celefilr'13

141 3548 196 3583 oon
216 3530 351 3601 ingratam
373 3530 463 3601 judico
481 3528 656 3585 emendatio-

143 3624 211 3661 nem,
218 3610 344 3662 tte-Ire
354 3607 540 3679 frequentatur
548 3607 581 3661 de
590 3617 656 3663 tem-

143 3687 210 3754 poris
221 3686 654 3755 decursu;11‚2;ttorotius,tt,

144 3760 195 3817 Od.
208 3780 267 3831 m,
280 3768 315 3831 5,
330 3786 344 3811 «
358 3776 490 3835 quotquot
504 3773 569 3819 eunt
583 3762 655 3831 diem

145 3840 304 3908 »Torum
318 3840 362 3909 ll,
375 3859 408 3910 v,
420 3843 469 3910 82,
486 3840 587 3897 Omine
602 3858 656 3911 quo

146 3940 159 3963 υ
168 3918 228 3973 felix
240 3930 267 3973 et
277 3938 352 3973 snoer
363 3928 451 3973 annus
460 3930 511 3973 eat
524 3940 538 3965 o

176 3997 299 4065 sydono
310 4013 398 4061 .s..uo,·
405 3996 442 4049 ita
451 4006 504 4050 tres
514 3994 591 4067 Regii
597 3994 656 4049 cod.

145 4092 211 4127 unus
218 4074 326 4129 Heiusii
336 4085 364 4129 et
371 4076 657 4146 pantomimum

146 4150 657 4223 snum.Ed.-lncipitcamenr'psuortsed

146 4246 224 4295 usque
236 4228 267 4281 ed
279 4248 317 4281 vs.
329 4228 378 4295 52,
391 4230 522 4301 generalia
535 4228 657 4300 quadarn

147 4308 341 4373 remmittuntur
357 4308 391 4363 de
409 4313 534 4364 ᾰιιίιίοιιι
548 4314 614 4364 anni
627 4308 656 4363 iu

703 1565 830 1629 menses,
851 1570 879 1615 st
900 1560 932 1615 de
955 1563 1102 1615 ds'scrr‘nu’ne
1118 1563 1221 1615 diemo.

704 1638 807 1693 Tenuis
817 1637 925 1707 quidem
938 1636 981 1690 hic
993 1636 1065 1690 locus
1077 1646 1134 1703 est,
1148 1655 1222 1690 non-

704 1718 783 1771 nullis
791 1728 881 1771 umen
889 1719 1055 1772 ornamentis
1064 1716 1159 1769 decore
1167 1716 1220 1770 eul-

705 1807 746 1851 tus
755 1838 763 1863 ‚
772 1814 861 1866 neque
869 1795 936 1851 adeo
943 1792 1113 1863 iniucundus
1123 1792 1221 1848 Conle-

703 1875 804 1929 rendus
817 1886 857 1929 est
875 1894 936 1929 curn
948 1874 1102 1941 macrobio,
1121 1874 1176 1928 Sat.
1189 1874 1220 1939 1.,

708 1972 754 2018 ss,
772 1961 800 2004 et
815 1952 878 2005 inde
894 1950 1072 2005 illustrandus.
1086 1953 1113 2005 ls
1125 1950 1221 2019 tradit,

706 2028 776 2099 apud
784 2029 853 2083 solos
860 2030 1001 2101 AEgyptios
1007 2040 1110 2083 eertum
1118 2047 1225 2097 semper

705 2107 784 2162 luisse
801 2109 865 2161 anni
881 2108 1012 2174 modum,
1033 2107 1103 2177 apud
1117 2118 1224 2161 reterns

707 2194 799 2255 gentes
816 2185 948 2255 disparem
967 2186 1100 2240 mensium
1119 2202 1223 2237 uume-

705 2282 783 2330 rum,
797 2263 913 2319 Arcades
924 2264 1032 2317 nonnisi
1044 2275 1098 2317 tres
1109 2279 1222 2333 eompu-

706 2352 790 2408 tnsse‚
806 2345 959 2397 Acarnanas
974 2361 1025 2396 sex.
1043 2342 1089 2396 sic
1107 2353 1134 2394 et
1151 2341 1223 2395 etn-

705 2418 811 2472 tarrltus
822 2420 850 2472 iu
864 2420 974 2484 Numa,
992 2438 1047 2489 cop.
1070 2420 1107 2471 ιδ.
1124 2418 1223 2496 ΙιιιΙιιιε

705 2498 786 2568 igitur
801 2499 926 2552 varietate
944 2516 1000 2552 non
1018 2500 1118 2551 mirum
1138 2497 1223 2551 videri

705 2575 799 2642 debet,
809 2578 946 2633 Romanos
953 2596 1060 2647 quoque
1068 2578 1133 2630 olim
1139 2596 1222 2638 suum,

703 2654 754 2707 sibi
774 2654 935 2725 proprium,
957 2672 1060 2708 annum
1079 2654 1221 2721 habuisse,

704 2752 821 2803 eumque
837 2740 946 2804 qumque
960 2738 1001 2788 dr's
1015 2744 1121 2788 tautum
1136 2753 1222 2786 meu·-

703 2812 789 2879 sium‚
803 2824 949 2869 assumtum
961 2814 1035 2867 illum
1046 2812 1114 2866 sorte
1127 2814 1160 2866 ab
1170 2814 1221 2865 alio

705 2892 787 2945 testie
798 2894 912 2963 populo,
926 2893 998 2946 houd
1008 2894 1088 2956 dubie
1098 2894 1202 2946 Albano
1212 2934 1220 2959 ,

704 2970 737 3023 de
756 2991 810 3041 quo
827 2970 1010 3040 Censorinus,
1031 2991 1071 3025 no.
1089 2972 1143 3025 Sed
1158 2973 1221 3042 quia

704 3049 761 3103 hec
783 3050 895 3121 digestio
918 3061 1022 3104 natura
1041 3050 1218 3117 adversatur,

703 3138 844 3199 propterea
854 3126 907 3195 illi,
919 3138 1049 3182 monente
1060 3128 1219 3197 Plutarcho,

704 3206 791 3273 silo'poe
804 3207 902 3281 ι’χρῶιιι
917 3217 964 3265 τοῖς
977 3214 1039 3273 μησὶ
1053 3214 1094 3259 καὶ
1108 3207 1219 3267 desistore.

704 3284 779 3338 Hine
793 3294 821 3338 et
834 3284 948 3350 Noster,
966 3284 1084 3354 jucunde
1096 3296 1221 3354 apostro-

704 3364 773 3434 phe,
792 3368 892 3417 scilicet
907 3383 980 3417 ama
995 3377 1043 3419 etc.
1060 3376 1088 3419 et
1107 3365 1221 3419 Μισο-

703 3442 776 3508 hius,
788 3443 844 3497 Sat.
853 3444 882 3509 l,
898 3446 927 3495 15
936 3482 944 3510 ‚
954 3444 978 3496 ei
988 3464 1001 3490 a
1012 3444 1152 3514 ingenium
1160 3462 1218 3497 acre

704 3522 828 3595 quidem,
839 3521 887 3577 sed
899 3534 1001 3595 agreste
1015 3546 1028 3571 ι·
1043 3524 1142 3576 tribuit.
1157 3522 1221 3577 Co-

704 3616 793 3661 terum
804 3624 866 3660 curn
877 3602 936 3662 loco
945 3624 999 3675 seq.
1010 3602 1101 3659 conset
1112 3604 1172 3668 tlt,
1186 3624 1220 3678 qq

703 3704 768 3755 sqq,
780 3685 825 3739 ubi
838 3684 893 3738 hese
904 3684 998 3739 endem
1011 3684 1138 3754 copiosius
1149 3694 1221 3735 troc-

704 3772 803 3817 tnntnr.
820 3761 863 3815 De
882 3762 1028 3831 digestione
1046 3772 1135 3813 autem
1156 3760 1219 3815 anui

704 3842 809 3895 romani
819 3842 882 3896 inde
893 3862 908 3895 a
920 3840 1037 3895 Romulo
1049 3840 1219 3910 doetedispu·

704 3932 742 3977 tat
752 3920 840 3975 ldeler
847 3922 875 3973 in
884 3920 951 3973 libro
958 3922 1119 3974 Helston'scde
1129 3922 1219 3974 Uetera

703 4001 848 4067 sucdungeo
858 4001 921 4050 siber
927 4002 970 4051 die
977 4006 1071 4051 astron.
1078 4000 1219 4053 Beobacbt.

703 4078 750 4128 der
759 4075 852 4136 Attea,
866 4093 890 4143 p.
902 4075 950 4143 343
961 4094 1018 4145 sqq.

737 4154 779 4207 32.
790 4152 845 4205 Pro
853 4154 931 4205 habet
939 4152 1052 4205 Heinsio
1065 4150 1143 4205 unius
1155 4150 1220 4203 Me-

705 4230 772 4285 dicei
792 4230 870 4286 lectio
887 4232 989 4303 placet,
1005 4234 1086 4290 habe,
1107 4229 1222 4297 «πάροι

706 4328 767 4377 me,
778 4307 943 4365 Casan-ln
952 4318 1030 4364 utero
1039 4309 1129 4363 matris
1138 4308 1225 4363 insons
