3025 5009
308 520 376 613 294
598 524 639 589 r.
667 524 844 591 0le11
868 521 1099 591 uasorus

356 661 497 736 Rustica
512 660 677 763 praecipue
692 679 743 736 est
755 662 827 741 hoc
843 662 914 736 Dea
930 660 1003 736 lata
1021 660 1109 735 cibo.

308 774 406 849 Adde
425 776 526 877 dapes
542 775 784 876 mulctramque
802 802 898 861 suas;
916 774 1128 875 dapibusque
1143 776 1299 863 resectis,
1334 797 1381 868 745·

357 891 548 966 silvicolam
566 892 681 994 tepido
699 891 783 965 lacte
799 920 934 992 precare
952 891 1064 965 Palen.

309 1010 480 1100 Consule,
497 1009 569 1098 dic,
588 1010 702 1111 pecori
718 1010 844 1110 pariter
858 1011 1057 1110 pecorisque
1074 1010 1262 1106 magistris3

355 1125 508 1222 Effugiat
524 1125 666 1201 stabulis
681 1154 772 1201 noxa
786 1124 920 1227 repulsa
937 1125 1030 1200 meis.

309 1242 385 1319 Sive
403 1274 494 1320 sacra
511 1245 607 1345 pavi,
623 1244 733 1319 sedive
749 1244 814 1318 sub
831 1243 950 1318 arbore
968 1271 1080 1331 sacra3

306 1430 359 1484 nt,
376 1419 414 1469 15.
426 1443 460 1456 -
471 1416 524 1467 Est
539 1414 588 1464 doc
602 1412 662 1463 Dea
678 1412 738 1461 leta
755 1412 821 1462 cibo.
870 1407 989 1477 pluribus
1000 1407 1103 1479 legitur.
1115 1410 1166 1463 Ed.
1185 1410 1286 1464 -Pro
1301 1416 1384 1465 sualc-

306 1496 388 1550 Hane
407 1493 548 1548 lectionem
566 1489 737 1543 vetustiorem
759 1506 821 1541 cum
870 1493 983 1553 transque
994 1484 1059 1538 olim
1070 1483 1197 1540 edebatur
1207 1491 1234 1540 r‘rr
1246 1496 1384 1558 utrunque,

305 1572 455 1629 Mitscherl.
471 1568 591 1625 revocari
605 1590 612 1629 ;
629 1567 728 1637 placuit
740 1569 822 1621 etiam
873 1563 944 1633 quod
958 1562 1054 1617 Daniel
1067 1563 1194 1619 Heinsius
1206 1584 1262 1619 nou
1275 1587 1384 1637 sperne-

307 1650 579 1721 Krebsio.Quoniam
587 1648 823 1701 Mazarimooem
872 1642 924 1695 bat.
932 1642 986 1698 Sed
995 1644 1139 1697 neclocum
1148 1664 1220 1698 nuuc
1228 1645 1270 1699 illa
1278 1644 1384 1713 liabent,

309 1742 350 1785 rs!
359 1732 399 1784 bis
411 1728 506 1792 habet,
521 1726 602 1779 etiam
620 1725 649 1777 in
667 1723 736 1788 fine,
754 1744 824 1794 pro-
874 1738 924 1773 nec
936 1739 982 1775 vas
996 1730 1090 1790 potum
1102 1722 1242 1776 continens
1255 1724 1343 1779 abesse
1355 1726 1385 1778 ab

307 1820 400 1881 pterea
420 1805 547 1861 Heinsius
566 1804 681 1871 lecerat,
697 1822 747 1872 prro
764 1804 825 1857 Dea
873 1796 914 1851 his
930 1797 1049 1853 debebat
1063 1798 1181 1855 Crateris
1197 1802 1256 1856 loco
1272 1803 1387 1858 adstabat

309 1894 370 1942 leta
381 1892 439 1941 cr'bo
449 1896 496 1939 est.
873 1881 1022 1932 Μήνα.-
1027 1880 1190 1946 Silrr'colarn,·
1208 1883 1269 1952 quia
1281 1882 1308 1936 in
1321 1885 1386 1939 silvis

342 1970 399 2039 745.
416 1966 483 2019 Hoc
494 1964 574 2018 verba
588 1963 726 2033 negotium
736 1960 824 2017 fecere
874 1956 987 2025 pecudes
1000 1964 1293 2031 pascuntur-Tepido
1303 1967 1382 2027 lactc,

306 2048 367 2100 iutt.
378 2046 423 2115 qui
433 2061 528 2098 omnes
539 2047 618 2111 dapes
627 2040 781 2096 intellexere
790 2040 824 2094 de
874 2032 926 2088 scil.
938 2053 1041 2104 sparso,
1055 2035 1153 2099 libato:
1168 2038 1303 2105 Tibullus,
1317 2040 1345 2105 l,
1358 2057 1368 2091 1
1378 2079 1385 2106 ,

307 2126 387 2181 sacris
399 2123 465 2178 Dese
478 2123 579 2177 oblatis.
593 2122 689 2175 Heius.
700 2120 824 2187 conjicit,
875 2111 908 2165 36
918 2132 924 2165 2
936 2134 950 2159 «
965 2112 1094 2181 placidam
1105 2115 1178 2169 soleo
1188 2136 1311 2186 spargere
1324 2118 1385 2171 lacte

307 2203 385 2256 Adde
393 2204 458 2268 dapr'
461 2203 647 2268 mulctramque
654 2212 826 2261 smverum
876 2212 890 2238 s
904 2191 1004 2246 Palem.
1019 2215 1032 2239 s
1050 2194 1125 2247 luter
1142 2194 1282 2249 libandum
1299 2216 1387 2266 preces

309 2279 433 2334 eTibull.
445 2278 486 2343 ll,
498 2296 530 2344 v,
543 2298 591 2350 99,
602 2276 741 2342 discimus,
750 2274 827 2329 rusti·
876 2269 984 2324 fiebant.
992 2270 1070 2327 Ordo
1078 2285 1168 2341 autem
1174 2274 1277 2329 rituum
1286 2286 1325 2328 est
1333 2275 1387 2328 hic:

307 2358 441 2424 cos,sacris
447 2357 566 2427 peractis,
574 2355 621 2409 siti
627 2359 827 2424 dapesparasse:
875 2349 993 2418 primum
1003 2351 1068 2407 Dese
1077 2353 1150 2407 cibus
1161 2354 1317 2424 apponitur;
1331 2364 1386 2406 tum

311 2460 325 2484 κ
338 2436 432 2491 nisibi
444 2434 554 2505 quisque
564 2434 644 2504 dapes
655 2431 769 2486 etsestas
781 2450 827 2485 es·
875 2430 923 2483 sibi
937 2430 1016 2500 dapes
1032 2444 1125 2502 parant
1141 2443 1273 2503 pastores;
1292 2432 1324 2487 iis
1340 2452 1387 2485 re-

310 2539 325 2563 »
335 2527 420 2571 struet
428 2512 635 2583 alteCespitibns
642 2530 764 2577 mensas,
775 2528 828 2565 ces·
874 2506 952 2574 secti,
972 2510 1030 2565 lotis
1044 2512 1166 2567 manibus
1181 2512 1264 2584 (vide
1277 2512 1310 2565 ad
1322 2530 1387 2565 vers.

310 2620 324 2644 >s
338 2595 488 2666 pitibusque
500 2606 623 2648 torum.»
642 2592 746 2647 Eadem
761 2610 827 2644 con·-
878 2586 965 2657 778),
983 2590 1065 2644 libant
1084 2591 1137 2653 lace
1155 2612 1217 2645 mor
1234 2610 1326 2661 preces
1343 2591 1387 2643 sa-

308 2674 377 2727 vivia
386 2674 466 2727 etiam
475 2670 655 2741 Pmpere1V‚
666 2686 706 2734 rr,
716 2670 763 2737 74,
773 2666 827 2720 me·
876 2665 950 2721 ciunt
963 2688 969 2721 :
980 2670 1088 2724 tandem
1105 2671 1153 2741 ipsi
1166 2692 1193 2725 se
1206 2670 1334 2741 proluunt
1349 2668 1386 2723 la·

309 2760 397 2806 morat
407 2790 414 2814 ‚
424 2771 437 2796 a
448 2750 545 2819 Quum
551 2744 829 2819 paganamadeutler-
876 2754 917 2799 cte
930 2756 956 2801 et
967 2768 1043 2817 sapa,
1056 2768 1122 2803 vers.
1136 2768 1185 2822 779
1194 2770 1232 2820 sq.

311 2854 326 2877 r
337 2829 396 2885 cula
411 2826 524 2893 deliciis,
538 2849 552 2873 s
566 2837 593 2879 et
604 2826 703 2879 Noster
714 2822 742 2874 in
756 2821 829 2874 Ter-
912 2828 1035 2897 747-77fe
1051 2826 1170 2882 Carmen
1185 2828 1388 2899 precationis.-

310 2907 465 2971 miualibus,
475 2907 502 2960 ll
512 2948 519 2973 ‚
531 2904 589 2975 657.
601 2905 696 2971 Neque
702 2898 827 2953 credibile
876 2902 1004 2970 Magister
1019 2904 1130 2957 omniuo
1147 2904 1286 2975 prefectus
1299 2942 1306 2971 ,
1327 2922 1387 2975 ergo

310 3000 366 3056 est,
378 2986 506 3041 Ovidium
516 2984 559 3038 illa
567 2982 691 3037 omisisse.
701 2982 778 3036 luter
789 2979 833 3045 εἰη
877 2988 904 3031 et
917 2980 1053 3048 praefectus
1065 2983 1173 3052 pecori,
1187 2984 1219 3037 de
1236 3002 1290 3053 quo
1301 2986 1387 3037 Varro

311 3064 448 3120 bosetiarn
456 3067 564 3115 mulctra
571 3060 755 3129 apponebatur
762 3057 827 3111 lacte
877 3057 918 3111 Re
931 3060 1006 3113 Rust.
1020 3060 1050 3127 1,
1071 3082 1095 3115 a.
1105 3064 1232 3131 Magister
1241 3067 1389 3131 mgir'peco-

311 3143 420 3214 repleta.
435 3141 515 3194 Tunc
527 3158 590 3193 suas
600 3138 629 3191 in
640 3147 701 3191 tuas
711 3147 828 3191 mutan·
875 3141 911 3188 rr's
925 3137 1030 3207 Livius,
1050 3140 1080 3207 Ι,
1096 3144 1119 3207 4.
1131 3142 1260 3211 Sequitur
1279 3160 1388 3215 maguus

313 3222 379 3275 dum
398 3220 519 3273 arbitror.
533 3248 566 3259 -
581 3216 614 3270 ln
634 3222 736 3270 resectis
751 3214 827 3270 Mss
875 3214 1006 3285 catalogus
1021 3217 1193 3286 delictorum,
1209 3220 1306 3289 quibus
1318 3238 1389 3276 sacra

311 3296 387 3350 valde
393 3296 510 3357 variant3
522 3294 622 3349 habeut
634 3295 706 3348 enim
717 3296 827 3355 relr'ctrs,
876 3290 967 3345 violari
980 3293 1104 3363 Deosque
1124 3294 1223 3350 offendi
1240 3299 1389 3367 superstitio

307 3371 683 3442 paratis,reruot1's,rrsectr's,·
699 3369 828 3423 Ciol'auus
875 3381 997 3424 veterum
1019 3371 1152 3428 credebat.
1166 3402 1200 3415 -
1215 3376 1295 3429 Sacra
1310 3384 1388 3446 part}

312 3458 417 3513 resectis
432 3452 556 3521 explicat,
575 3451 662 3506 divisis
675 3474 682 3516 ς
697 3450 827 3516 lansius,
876 3448 987 3519 Neapol.
996 3450 1185 3514 inveritsacro,
1194 3453 1223 3504 in
1232 3452 1389 3509 lococonse-

312 3542 387 3601 parte
399 3529 498 3599 dapum
509 3528 829 3593 libat23Burmann.con·
874 3539 963 3597 erato,
978 3530 1050 3599 quod
1068 3532 1195 3601 approbat
1210 3532 1388 3587 Burmannus.

310 3610 369 3678 jicit
380 3613 495 3677 peractis
507 3626 517 3673 ,·
538 3606 705 3662 Sclriraclrius
722 3608 829 3678 praefert
877 3606 931 3660 Sed
944 3608 1014 3675 justo
1023 3607 1116 3661 durior
1127 3620 1167 3662 est
1177 3608 1284 3663 omissio
1292 3630 1388 3681 praepo

308 3695 423 3757 paratis,
436 3684 483 3741 sed
494 3686 520 3739 id
532 3687 741 3756 interpretatur,
755 3706 827 3758 pera-
874 3686 994 3752 sitionis,
1013 3696 1041 3757 et
1058 3686 1087 3739 in
1104 3686 1161 3741 loco
1177 3706 1250 3741 sacro
1269 3708 1387 3757 pascere,

313 3766 369 3821 ctis.
386 3766 445 3835 Ego
463 3765 524 3836 lego
540 3766 668 3832 resectum
687 3766 722 3820 ita
736 3783 828 3820 seusus
876 3784 942 3821 vera
963 3770 1011 3837 750
1030 3765 1157 3836 sequitur.
1176 3766 1307 3820 Reroeavi
1327 3786 1388 3839 ergo

313 3843 399 3897 oritur
409 3842 533 3913 optimus.
540 3842 580 3895 Ex
587 3844 699 3912 refectus
709 3844 828 3914 primum
876 3846 972 3915 vulgat.
984 3866 1075 3907 sacra.
1093 3864 1254 3915 quamquam
1261 3846 1387 3901 Teubne-

312 3920 413 3975 l'aetum
433 3932 472 3976 est
492 3922 614 3988 resectrls,
636 3922 699 3977 inde
718 3932 829 3980 resectis.
876 3944 921 3978 rus
934 3936 1027 3995 putat,
1046 3925 1206 3995 adjectivum
1220 3926 1388 3997 incommode

315 3996 399 4067 Quod
411 4017 494 4066 quum
503 3998 668 4065 offenderet,
682 4000 746 4056 alius
757 4002 830 4057 aliud
876 4026 953 4059 versu
965 4006 1003 4059 bis
1016 4005 1074 4059 dici.
1086 4008 1175 4060 lmmo
1185 4006 1223 4060 vis
1234 4006 1301 4060 inest
1312 4007 1336 4060 ei
1346 4024 1389 4059 re-

313 4096 345 4129 ex
357 4076 463 4145 iugenio
478 4094 526 4129 sus
538 4076 719 4130 substituit.-
730 4080 831 4151 Regius
875 4083 1015 4155 petitioni,
1030 4104 1102 4139 sacra
1115 4085 1163 4139 sub
1176 4086 1268 4139 arbore
1281 4085 1304 4140 sl
1315 4086 1385 4155 pavi,

313 4153 395 4207 codex
415 4153 531 4208 thebes
542 4159 827 4226 tapetusqnepamtne
876 4162 926 4217 sub
943 4182 1016 4217 saera
1034 4162 1055 4216 si
1071 4163 1135 4217 sedi.
1154 4164 1283 4219 sotebant
1300 4175 1386 4219 autem

313 4232 396 4285 codex
404 4234 428 4286 B
435 4236 590 4303 dapibusque
599 4240 710 4302 relictas,
723 4234 830 4305 Cdapt·
877 4247 1008 4310 pastores,
1022 4238 1086 4293 dum
1097 4258 1188 4310 greges
1197 4240 1224 4293 iu
1236 4240 1337 4310 pascuis
1345 4258 1386 4292 er·

314 4314 407 4380 despue
418 4312 537 4377 resectis:
549 4312 601 4367 lroc
618 4325 784 4385 postremum
802 4316 831 4371 iu
877 4318 987 4387 rabant,
998 4318 1046 4373 sub
1055 4318 1149 4373 arbore
1157 4318 1265 4385 sedere,
1278 4318 1387 4373 utebu·
