3025 5009
250 388 317 474 rso
647 389 935 462 excursus

248 561 353 608 unum
371 531 580 607 horizontem
596 563 766 636 unumque
783 562 886 608 avum
904 560 1019 607 omnes
1042 529 1136 606 nullo
1152 531 1253 606 modo
1268 561 1323 607 re-

248 649 359 722 vocari
375 678 491 750 posse,
509 649 589 726 alias
606 651 648 725 ad
665 679 854 738 romanum,
879 649 959 724 alias
972 647 1015 722 ad
1031 645 1239 721 Alexandria
1255 647 1320 720 ho-

248 767 411 842 rizontem
429 767 612 871 pertinere,
637 797 778 871 eumque
793 767 895 842 modo
913 791 1033 861 grecas
1051 763 1153 837 modo
1169 792 1324 836 romanas

252 884 464 958 auctoritates
482 885 592 986 sequi,
613 885 723 960 statim
740 883 915 979 intelliget.
938 885 1019 956 Non
1037 879 1217 953 enimcum
1234 881 1326 952 Pon-

250 999 361 1073 tedera
374 1008 382 1039 ¹
402 989 581 1075 consentiri
595 1019 722 1103 potest,
741 1003 800 1102 qni
813 1030 890 1075 eum
903 999 1043 1072 maxime
1054 997 1151 1071 lastis
1167 997 1325 1084 Caesaris,

243 1115 310 1214 'qui
324 1107 440 1214 postea
454 1115 517 1190 sub
532 1117 687 1212 Augusto
700 1117 905 1191 emendatius
919 1114 1127 1216 prodierunt,
1142 1141 1240 1187 usum
1253 1141 1329 1186 esse

251 1231 374 1321 uoluit,
395 1233 488 1334 quod
509 1235 644 1309 nonnisi
671 1232 870 1334 quibusdam
894 1233 929 1305 in
952 1232 1056 1322 locis,
1074 1230 1135 1304 nbi
1151 1259 1226 1306 vere
1249 1259 1327 1306 cum

252 1375 321 1422 aevo
339 1348 475 1424 Juliano
494 1368 526 1425 et
538 1353 655 1424 Roma
668 1348 844 1424 horizonte
860 1348 1035 1436 convenit,
1053 1346 1189 1422 concedi
1203 1364 1325 1448 potest.

253 1463 541 1540 Verisimillimum
553 1466 617 1540 crit
632 1483 666 1540 et
681 1466 823 1540 maxime
835 1483 1089 1541 consentaneum
1106 1464 1244 1552 rationi,
1260 1492 1329 1564 qna

256 1579 399 1655 Ovidius
419 1581 454 1654 iu
472 1583 563 1654 omni
577 1582 641 1656 hoc
657 1599 853 1678 argumento
868 1599 1017 1656 versatus
1028 1599 1093 1670 est,
1109 1581 1219 1682 ipsum
1227 1610 1331 1667 usum

255 1721 326 1768 esse
345 1693 455 1782 lastis,
475 1693 589 1796 quales
606 1694 707 1769 Plinii
724 1713 758 1770 ct
776 1693 968 1770 Columella
986 1712 1082 1781 sunt,
1107 1693 1168 1767 uhi
1184 1711 1279 1767 ortus
1293 1711 1329 1766 et

256 1837 393 1884 occasus
406 1807 570 1883 secmrdum
585 1811 691 1884 vonas
697 1809 814 1910 plagas
822 1808 964 1882 annotati
974 1816 987 1846 ²
1000 1827 1112 1897 eraut,
1127 1826 1162 1883 et
1175 1807 1252 1880 inde
1262 1835 1328 1907 pro

255 1923 368 1999 lubitu
385 1944 418 2000 et
432 1945 472 1999 ut
487 1926 641 2001 carminis
657 1925 804 2000 rationes
819 1925 1057 2014 admittebant,
1076 1924 1329 2000 notissimorum

257 2039 404 2114 siderrun
420 2043 631 2142 apparentias
645 2040 748 2115 modo
765 2041 861 2131 huic,
878 2041 980 2116 modo
1001 2041 1057 2118 alii
1077 2040 1244 2116 horisonti
1268 2040 1330 2114 ad-

256 2157 396 2256 scriptas
409 2159 443 2231 iu
455 2187 586 2232 carmen
597 2187 694 2232 suum
707 2157 924 2234 transtulisse.
939 2158 1159 2236 Luculentius
1167 2159 1234 2233 hoc
1244 2155 1331 2232 mihi

258 2301 392 2367 arguere
418 2273 573 2348 videntur
595 2301 633 2347 ea
653 2272 746 2363 loca,
764 2275 825 2348 ubi
843 2277 991 2375 ejusdem
1008 2277 1110 2354 stella
1132 2277 1219 2351 idun
1234 2291 1334 2349 ortus

259 2387 313 2462 his
331 2390 467 2466 diversis
484 2391 604 2466 diebus
620 2391 808 2492 adscriptus
826 2411 894 2481 est,
913 2413 947 2468 et·
966 2395 1013 2470 ita
1028 2413 1068 2470 ut
1080 2392 1164 2469 alter
1180 2409 1337 2469 accurate

260 2504 301 2578 ad
320 2509 454 2595 Romae,
472 2504 554 2581 alter
570 2507 611 2579 ad
627 2505 835 2582 Alexandria
847 2507 1057 2584 horizontem
1072 2508 1245 2611 pertineat.
1263 2510 1335 2581 hc-

261 2622 342 2697 cidit
357 2622 423 2698 hoc
440 2625 477 2696 in
493 2620 656 2724 Delphini
683 2638 751 2696 ortu
774 2623 967 2726 acronyclto,
990 2626 1049 2726 qni
1067 2627 1135 2713 Vl,
1155 2625 1248 2725 471,
1267 2623 1335 2698 dlei

266 2768 309 2815 10
324 2744 403 2816 Jun.
423 2741 625 2815 adscribitur
643 2739 703 2837 (in
719 2767 818 2840 quern
834 2737 1026 2817 diem-idem
1039 2761 1133 2816 ortus
1146 2744 1263 2816 Roma
1277 2742 1335 2814 in-

260 2856 358 2943 cidit,
378 2855 421 2930 ad
436 2857 608 2929 Petavinm
625 2854 721 2928 Gem.
742 2865 844 2954 17⁰,0
855 2894 897 2922 ε
917 2854 948 2927 d.
969 2881 1013 2929 10
1029 2858 1137 2950 Jun.)

390 3025 486 3081 Navita
500 3045 588 3097 puppe
601 3024 713 3093 sedens,
728 3025 862 3095 Delphina
875 3025 1042 3095 videbimus,
1056 3027 1159 3097 ioquin

426 3116 545 3170 Huusida
558 3135 644 3186 quum
655 3117 731 3187 pulso
743 3135 796 3170 nox
807 3117 860 3171 erit
870 3117 995 3171 ortatdie.

308 3259 431 3333 Postea
447 3259 609 3360 repetitur
626 3258 679 3331 die
705 3285 746 3360 17
765 3261 845 3333 Jun.
872 3258 962 3360 qnod
982 3259 1024 3332 ad
1038 3257 1245 3333 Alexandria
1268 3259 1335 3332 ho-

259 3375 421 3451 rizontem
437 3375 591 3475 pertinet.
608 3374 727 3473 (Gem.
744 3373 818 3463 25⁰,
837 3400 857 3448 2
882 3375 961 3449 =d.
987 3373 1030 3448 18
1052 3377 1133 3450 Jun.
1159 3377 1252 3480 quod
1264 3407 1339 3452 uno

263 3491 316 3566 die
334 3489 482 3589 distem).
499 3489 566 3575 Vl,
587 3514 677 3588 720:

294 3679 304 3708 ¹
323 3672 482 3729 Pontedera
501 3671 612 3741 Antiqu.
631 3671 774 3725 latinarum
822 3672 882 3726 nirrs
905 3672 1042 3726 interdum
1065 3671 1182 3728 Italicam
1203 3674 1339 3728 ratonem

262 3773 460 3828 grecorumque
485 3753 665 3807 enarrationes
695 3763 774 3822 atque
825 3749 935 3807 cesaris
945 3751 1093 3806 auctoritati
1105 3763 1230 3822 opponat.

261 3833 477 3898 emendationes,
492 3835 619 3899 precipue
633 3833 672 3883 ad
682 3835 776 3883 veteris
855 3831 869 3860 ²
885 3831 925 3883 tra
941 3829 1011 3882 Plin.
1026 3847 1132 3898 semper
1144 3829 1241 3882 XVlll
1254 3849 1275 3882 s.
1287 3829 1337 3895 66,

260 3908 777 3975 arrr'rartoremmtrentes.Parae.1740.
826 3906 868 3962 lll
878 3925 961 3960 nonas
978 3905 1062 3976 April.
1075 3906 1206 3962 inAttr'ca
1220 3905 1341 3976 Virgilio

264 3985 374 4057 Quivis
384 3997 443 4056 post
457 3985 590 4040 Caesarem
603 3983 673 4038 aliud
685 3981 776 4038 halen·
823 3984 925 4053 vesperi
936 3985 1111 4038 occultantur.
1119 3983 1227 4038 Eodem
1241 3985 1341 4055 postri-

263 4067 367 4122 darium
378 4065 549 4120 emendatum
561 4074 589 4119 et
600 4064 682 4118 ltalite
693 4063 777 4134 magis
824 4060 867 4115 dic
880 4061 908 4115 in
921 4061 1039 4118 Bantia:
1055 4059 1154 4118 Casani
1165 4073 1193 4116 et
1205 4061 1340 4118 ctatdsis

263 4143 417 4216 adaptatum
426 4161 482 4200 esse
495 4154 603 4212 censet,
620 4161 705 4214 quum
714 4141 776 4199 Pli-
824 4139 919 4202 Nonis
