3025 5009
434 458 964 534 1nov1n11rssros.
1173 459 1240 528 sot

159 604 346 692 Porsenna,
362 602 434 677 Liv.
451 601 598 694 111‚65;
616 605 676 692 tv,
699 604 825 706 17311,
845 603 925 704 19),
943 618 1014 676 turn
1031 599 1096 675 diis
1108 597 1244 674 inferio-

159 719 253 794 ribus
268 735 302 792 et
322 717 514 792 domesticis
531 717 707 808 tribuitur,
728 736 762 792 et
782 746 919 819 prorsus
937 716 1138 820 respondere
1153 714 1244 788 ride-

160 855 216 912 tur
234 851 276 932 τῷ
287 851 365 935 ἥρως
383 837 568 938 priscorum
584 836 798 925 Graecorum,
817 835 911 938 qnod
931 853 1024 910 aetate
1042 835 1240 921 Homerica,

161 971 319 1056 tanquam
350 951 525 1054 epitheton
559 951 804 1039 honorificum,
828 951 909 1025 viris
939 950 1037 1025 claris
1072 949 1246 1039 veniebat,

159 1085 278 1169 postea
293 1066 336 1142 de
349 1066 548 1142 hominibus
564 1067 679 1142 divino
691 1067 823 1142 honore
841 1065 947 1140 auctis
960 1065 1133 1140 dicebatur
1147 1094 1155 1138 :
1169 1063 1246 1137 vide

160 1183 261 1258 Scbn.
280 1183 314 1256 b.
333 1213 364 1258 r.
383 1181 424 1256 de
440 1183 554 1258 herois
571 1183 721 1258 notione.
741 1186 790 1257 Ut
807 1211 911 1285 porro
930 1197 1022 1281 ἥρωες
1040 1190 1191 1282 ἐπιχώριοι
1209 1182 1246 1254 in

163 1299 308 1388 Gracia,
326 1299 361 1374 id
378 1319 449 1389 est,
465 1300 527 1374 viri
544 1300 712 1376 demortui
734 1319 769 1375 et
786 1301 828 1376 de
845 1303 978 1376 civitate
994 1331 1053 1378 sna
1067 1303 1158 1376 bene·
1171 1328 1244 1375 me-

158 1417 216 1490 riti
233 1441 299 1490 una
314 1443 444 1517 semper
456 1445 532 1490 cum
545 1414 609 1490 diis
624 1415 814 1490 domesticis
830 1416 899 1492 coli
912 1415 1085 1507 solebant,
1097 1418 1145 1491 ita
1155 1415 1246 1518 apud

159 1535 331 1609 Romanos
357 1561 497 1634 quaque
523 1533 662 1620 civitas,
687 1561 769 1629 gens
794 1551 828 1607 et
851 1533 975 1609 familia
1000 1535 1156 1638 proprios
1179 1535 1246 1611 sibi

159 1650 307 1726 babebat
325 1653 443 1739 Lares,
463 1649 505 1724 ad
523 1679 611 1751 quos
628 1667 699 1725 tum
717 1648 782 1724 uiri
797 1651 943 1726 civitatis
957 1651 1147 1754 principes,
1171 1671 1244 1728 tum

161 1765 371 1862 singularum
386 1765 536 1862 gentium
553 1782 687 1866 patres,
708 1764 832 1865 quibus
853 1766 905 1840 vis
925 1764 1037 1867 aliqua
1059 1766 1095 1840 in
1115 1766 1247 1842 samiliae

17 1946 21 1956 .
161 1881 302 1958 salutem
319 1880 549 1968 tribuebatur,
574 1881 797 1982 pertinebant.
824 1880 987 1957 Plautus:
1002 1883 1077 1984 Ego
1092 1912 1159 1958 sum
1175 1885 1248 1960 Iar

147 1996 320 2099 smur'labn's
335 2025 378 2072 cc
394 1994 588 2097 lmsmoibb
603 2053 611 2070 .
626 2053 635 2070 .
648 2053 656 2070 .
662 1996 860 2101 smrclaieque
880 1996 954 2073 lar
965 2011 1067 2098 pater.
1091 1999 1240 2101 Amphis.

162 2111 293 2214 prolog.
309 2139 352 2200 23
367 2115 471 2188 Mese.
488 2115 530 2203 V,
543 2132 577 2200 1,
597 2115 629 2188 5.
641 2113 730 2190 Post
745 2114 945 2215 apotheosin
959 2114 1080 2203 Caesar,
1095 2131 1129 2189 et
1142 2117 1247 2189 Octa·

162 2227 278 2300 viauus
298 2253 338 2306 ex
357 2227 493 2304 urbium
513 2226 707 2304 adulatione
728 2228 796 2328 jam
820 2227 891 2330 718
907 2245 988 2330 post
1011 2228 1102 2302 Sext.
1123 2229 1242 2330 Pomp.

161 2342 286 2416 vietum
295 2341 336 2416 iis
346 2343 451 2418 additi
462 2362 560 2432 sunt,
577 2345 671 2446 quod
683 2347 767 2420 llor.
779 2347 840 2435 lv,
854 2343 966 2435 V,33,
984 2345 1127 2421 beroum
1137 2343 1243 2418 cultui

160 2460 197 2536 in
213 2461 340 2538 Gracia
356 2481 535 2565 comparat.

209 2579 485 2683 Depnblicorum
495 2582 630 2657 larium
643 2597 748 2656 matre
758 2582 861 2669 Lara,
873 2581 1046 2669 Larunda,
1059 2579 1119 2655 dea
1130 2582 1245 2666 Muta,

162 2696 286 2788 Bana,
304 2698 407 2772 Maon
418 2699 544 2775 Geneta
562 2715 622 2772 etc.
641 2696 786 2798 denique
796 2695 837 2770 de
846 2697 1027 2783 Manibus,
1041 2696 1243 2780 Summano,

160 2813 362 2890 Lemuribus
381 2831 415 2889 et
430 2815 569 2905 Lartis,
585 2812 776 2917 exponendi
799 2813 1006 2887 occasionem
1030 2811 1145 2888 Ovidii
1169 2811 1245 2888 loca

160 2927 371 3030 prebebunt.

211 3045 373 3143 Quaedam
388 3043 509 3120 addere
524 3043 621 3120 liceat
633 3044 675 3118 de
691 3043 828 3119 aliamne
841 3043 961 3118 veteris
972 3043 1077 3118 ltalia
1091 3046 1240 3142 gentium
1377 3141 1379 3145 ι

163 3161 228 3236 diis
250 3181 285 3236 et
300 3163 520 3260 religionibus
537 3161 750 3250 domesticis,
775 3189 850 3263 quae
863 3159 942 3263 plus
959 3161 1111 3238 minusve
1126 3183 1244 3265 postea

162 3283 306 3356 Romam
321 3281 421 3356 etiam
433 3282 632 3377 migrarunt.
649 3283 699 3354 lta
715 3281 932 3382 potissimum
943 3280 1082 3371 Satrici,
1102 3281 1245 3359 Volsco·

162 3428 237 3473 rum
254 3400 360 3494 urbe,
384 3416 530 3473 sanctam
551 3399 690 3472 Matuta
709 3400 825 3473 matris
845 3398 948 3474 luisse
970 3398 1165 3496 religionem
1183 3401 1244 3473 Li-

162 3517 236 3593 vius
248 3519 343 3617 (Vl,
358 3515 425 3606 333
443 3514 529 3604 Vll,
542 3542 587 3617 27
603 3545 611 3603 ;
626 3517 796 3604 XXVlll,
816 3517 882 3615 ιι)
897 3517 1006 3592 tradit.
1019 3519 1107 3614 Satis
1122 3534 1241 3592 notum

163 3655 232 3725 est,
252 3637 317 3711 hoc
333 3663 457 3710 numen
469 3663 532 3736 pro
541 3633 719 3710 Leucothea
736 3633 929 3708 Graecorum
943 3663 1070 3738 semper
1084 3635 1240 3710 habitum

163 3785 243 3832 esse.
261 3759 385 3836 Veram
412 3773 522 3830 autem
544 3753 646 3852 hujus
666 3752 754 3842 dea,
783 3783 857 3855 quae
878 3755 922 3829 ad
943 3756 1087 3856 priscam
1112 3754 1243 3829 ltaliam

147 3889 310 3976 spectat,
329 3873 504 3948 notionem
525 3887 695 3945 assecutus
716 3897 789 3944 esse
806 3871 941 3960 videor,
968 3871 996 3946 si
1023 3871 1065 3946 ab
1086 3869 1242 3945 Lucretio

164 3989 312 4066 eamdem
330 3988 441 4090 prisco
464 3985 523 4062 illo
545 4015 645 4062 sensu
667 3985 711 4060 ab
736 3985 992 4086 interpolatione
1011 4015 1116 4084 greca
1137 3985 1244 4061 libero

164 4105 353 4182 abhibitam
368 4103 489 4193 rideo,
509 4103 677 4180 deserum
697 4103 838 4192 Natma,
857 4099 947 4177 libro
963 4106 1018 4195 V,
1042 4131 1126 4178 vers.
1150 4101 1243 4194 655,

167 4222 228 4297 nbi
245 4221 290 4296 ita
307 4221 396 4296 canit
412 4219 469 4298 ille
486 4237 597 4304 vates:
