3025 5009
465 672 909 778 PRAEFATIO

373 908 736 995 EDITIONIS
775 908 1018 995 PRIMAE.

548 1092 838 1123 ——ffi-

11 1350 12 1363 ’
164 1298 331 1461 anu
354 1348 491 1435 Ovidii
515 1350 851 1467 Metamorphoses
869 1351 968 1435 olim
992 1350 1230 1461 edidissem,

158 1528 402 1614 operamque
426 1500 475 1581 iis
499 1502 721 1613 impensam
752 1533 836 1585 non
865 1502 1129 1616 improbatam
1153 1532 1235 1585 esse

160 1649 256 1731 viris
275 1646 401 1730 doctis
420 1645 603 1732 vidissem
619 1680 665 1731 ex
679 1680 751 1757 e0‚
773 1649 882 1766 quod
896 1682 1023 1763 nuper
1035 1650 1157 1735 editio
1170 1651 1238 1734 illa

161 1796 268 1907 typis
278 1774 613 1909 essetrepetenda,
627 1796 774 1910 placuit
786 1798 958 1881 similem
967 1828 1104 1881 curam
1113 1798 1240 1881 Fastis

162 1940 342 2055 ejusdem
362 1966 487 2056 poetae
508 1942 719 2051 adhibere,
741 1946 807 2027 cui
827 1946 994 2027 carmini
1013 1942 1241 2027 similitudi-

165 2120 263 2173 nem
274 2086 493 2205 quamdam
504 2120 599 2173 cum
609 2090 680 2175 illo
691 2092 813 2175 altero
827 2090 1238 2175 intercederemnstat.

165 2238 308 2354 Neque
320 2262 482 2351 operam
495 2238 615 2322 talem
632 2266 942 2351 supervacuam,
963 2242 1128 2351 opinor,
1150 2238 1239 2323 red-
1399 2344 1402 2349 ι

163 2386 271 2470 didit
278 2389 455 2499 priorum
466 2385 680 2471 Editorum
691 2388 964 2499 copia-Immo
976 2389 1113 2469 mirari
1127 2387 1238 2495 licet,

167 2536 446 2619 stravissimum
471 2534 546 2616 hoc
569 2562 760 2639 carmen,
790 2564 864 2615 nec
890 2531 1080 2617 illiberale
1100 2533 1151 2617 ad
1176 2566 1242 2619 co-

165 2680 461 2799 gnoscendmn‚
475 2679 699 2795 neglectum
713 2678 1002 2793 propemodum
1016 2681 1238 2790 essentiis,

169 2832 241 2947 qui
262 2829 416 2913 libellos
442 2850 621 2915 veterum
639 2829 683 2927 in
711 2828 854 2912 scholis
880 2827 1111 2914 lectitandos
1130 2863 1241 2948 sepas

170 2981 290 3061 ratim
307 2976 529 3061 edidertmt.
557 2974 794 3090 Neglectum
812 2999 915 3060 certe
933 2978 1054 3089 jacuit
1071 2980 1115 3061 in
1139 2978 1242 3065 Ger·

172 3128 308 3210 mania
333 3125 429 3229 inde
445 3154 470 3206 a
496 3123 709 3207 Teubnero
741 3124 943 3241 usquead
967 3157 1012 3211 ea
1033 3150 1241 3243 tempora,
1274 3222 1279 3232 ‚

171 3276 496 3395 quibusLenzius
505 3276 548 3357 in
556 3273 1104 3389 EncyclopaediaScholastica
1118 3301 1244 3390 partes

171 3426 365 3546 quasdam
376 3428 459 3539 ejus
472 3427 649 3540 repetiit,
666 3427 848 3543 notisque
861 3426 1069 3511 illustravit
1086 3462 1095 3508 :
1111 3428 1243 3513 Kreb·

173 3580 255 3661 sius
265 3600 396 3661 autem
407 3576 558 3691 primus
569 3573 648 3659 sere
658 3576 826 3682 exstitit,
844 3576 1147 3691 quiversionem
1162 3578 1245 3689 ejus

173 3724 428 3812 vernaculam
447 3702 637 3838 vulgaret.
665 3722 881 3839 Postquam
913 3753 1081 3807 manum
1103 3724 1244 3809 admo·

174 3904 312 3961 veram
330 3875 466 3987 operi,
483 3872 649 3987 cognovi
660 3870 827 3987 qffl'dem
847 3869 1065 3955 Gesenium
1080 3933 1093 3979 ,
1109 3873 1164 3955 V.
1174 3873 1242 3972 DL

176 4025 286 4109 idem
304 4026 386 4138 jam
399 4022 533 4107 moliri
547 4084 559 4131 ,
581 4024 857 4137 specimenque
870 4020 1013 4106 laboris
1028 4026 1089 4106 sui
1103 4055 1245 4139 propo-

175 4177 327 4281 suisse3
351 4175 477 4259 nihilo
497 4196 629 4257 tamen
653 4174 810 4279 minus,
836 4176 1028 4289 quoniam
1056 4175 1249 4271 rationem
1293 4167 1295 4172 ¹

274 4325 342 4397 VI.
