3025 5009
582 453 623 518 P.
654 455 834 523 OVlDll
865 457 1097 526 NASONIS

344 589 494 664 Ensibus
509 590 650 666 exsertis
666 590 789 666 bellica
805 590 878 671 leta
897 596 967 668 Dea
985 607 1058 670 est.'

299 707 437 782 Pallada
455 735 546 782 nunc
561 709 677 808 pueri,
694 727 1013 812 teneraque-ornate
1027 710 1147 812 puelle
1158 724 1180 786 ε’
1327 717 1380 788 siti

348 825 420 923 Qui
437 826 524 898 bene
541 823 684 926 placarit
698 823 851 914 Pallada,
869 827 990 904 doctus
1002 828 1075 904 erit.

236 1007 240 1015 .
298 940 433 1016 Pallade
451 939 600 1044 placata,
617 938 726 1016 lanam
742 941 872 1020 mollire
888 942 1008 1046 puella

349 1056 514 1143 Discunt,
533 1073 568 1130 et
582 1055 700 1157 plenas
716 1085 893 1135 exonerare
908 1060 1012 1137 colos.

298 1171 361 1248 llla
379 1169 478 1246 etiam
497 1189 625 1247 stantes
639 1173 735 1248 radio
745 1203 939 1275 percurrere
956 1176 1042 1252 telas·

347 1290 488 1377 Erudit,
507 1308 542 1364 et
558 1318 671 1364 rarum
687 1290 820 1391 pectine
835 1291 951 1368 denset
968 1321 1065 1395 opus.

300 1411 399 1482 Hauc
412 1405 505 1494 cole,
527 1405 587 1508 qui
603 1406 751 1482 maculas
768 1406 854 1483 laesis
872 1408 913 1484 de
929 1409 1079 1486 vestibus
1096 1404 1224 1494 aulem

351 1528 447 1601 Hanc
465 1523 558 1613 cole,
576 1523 758 1600 velleribus
776 1526 929 1627 quisquis
944 1525 1050 1600 abeua
1065 1553 1184 1628 paras:

293 475 376 520 222.

1328 1317 1380 1370 820

299 1738 315 1764 a
326 1715 398 1768 sestis
410 1712 442 1766 de
453 1713 571 1782 quinque
584 1711 731 1778 Minerva,
745 1710 816 1780 Quas
865 1725 975 1784 propter
994 1719 1096 1780 operari
1111 1715 1231 1767 Mamm
1253 1713 1381 1770 dicuntur

299 1818 314 1843 a
328 1795 387 1849 fieri
398 1811 487 1864 pugna
501 1792 586 1862 prima
597 1800 709 1844 muenta
719 1791 815 1844 solet.»
866 1794 958 1862 puellae
969 1793 1042 1863 operi
1057 1794 1169 1848 textorio
1186 1813 1294 1864 operam
1311 1796 1380 1850 dan-

297 1904 332 1917 ·-
342 1875 449 1944 Quarto
460 1873 569 1926 variavit
582 1872 708 1926 ludorum
720 1872 816 1928 aotio-
866 1884 918 1938 tes3
932 1873 1068 1940 Tibullus,
1078 1874 1123 1939 ll,
1136 1891 1163 1941 1,
1176 1874 1218 1928 65.
1226 1875 1383 1930 -ttoltisar

298 1971 363 2006 nem
372 1953 475 2005 emitas
485 1952 593 2002 essem}
604 1989 611 2008 .
629 1949 732 2002 strictis.
865 1951 939 2019 lana,
948 1971 1030 2020 quum
1041 1951 1155 2006 trabitur
1163 1962 1192 2006 ut
1200 1954 1306 2007 tenuior
1316 1953 1362 2008 frat
1373 1997 1379 2017 ,

333 2028 460 2095 tis-834
469 2027 570 2080 Diebus
582 2026 631 2079 illis
643 2026 750 2097 plurimi
760 2026 817 2081 Mi·
864 2029 916 2086 boc.
926 2030 994 2097 loco,
1006 2051 1089 2100 quum
1100 2031 1249 2086 trabiturin
1257 2034 1379 2088 stamina.

298 2125 412 2162 nervam
431 2105 552 2176 precibus
574 2103 769 2174 exposcebant,
787 2114 816 2158 ut
865 2108 957 2162 -Pro
963 2111 1054 2176 plenas
1064 2109 1191 2162 Heinsius
1198 2108 1381 2164 malletenetas

299 2205 427 2258 operum,
436 2185 530 2256 quibus
538 2195 660 2254 preesset
668 2224 675 2251 ,
684 2204 817 2240 successus
865 2193 1050 2257 autriaplelas,·
1061 2189 1132 2258 quod
1142 2191 1313 2244 Burmannus
1320 2211 1380 2246 rne-

299 2267 349 2322 sibi
359 2265 441 2320 daret
453 2265 497 2318 Sic
505 2262 584 2318 multi
595 2263 731 2334 cloquium
740 2275 769 2317 et
777 2263 818 2316 sa-

300 2364 374 2400 mam
395 2341 585 2397 Demosthenis
609 2352 655 2396 aut
679 2339 817 2396 Ciceronis

300 2425 350 2480 sibi
369 2423 430 2477 totis
451 2419 666 2490 Quinquatribus
684 2420 816 2481 orabant;

297 2500 450 2567 iuvenalis,
459 2500 514 2554 Sat.
525 2516 557 2565 x,
571 2499 625 2551 na.
633 2498 706 2552 Hinc
715 2495 817 2567 pendet

300 2582 358 2636 baro
369 2578 510 2643 excitatio,
529 2595 610 2645 quam
627 2587 704 2646 poeta
720 2576 748 2629 iu
763 2575 816 2628 sane

300 2659 422 2730 exemplo
435 2677 485 2712 suo
497 2655 659 2727 comprobat.
671 2684 706 2696 -
723 2657 819 2709 Ornata

300 2759 399 2812 nempe
411 2737 533 2802 coronis,
552 2735 625 2805 quod
642 2734 701 2789 fieri
718 2735 818 2790 solebat

302 2819 396 2874 diebus
410 2817 498 2878 iestis,
513 2813 650 2880 Tibullus,
668 2813 709 2880 ll,
726 2828 755 2879 1,
769 2815 817 2880 54:

303 2919 317 2943 s
330 2894 450 2951 Ornatos
461 2902 523 2946 ante
537 2890 611 2945 Deos
620 2908 727 2944 carmen
739 2889 817 2943 dice-

303 2996 317 3021 »
330 2993 370 3027 re.
378 2995 392 3018 υ
405 2971 478 3026 Male
490 2969 571 3040 igitur
580 2969 609 3022 in
619 2967 697 3022 editis
708 2967 817 3038 quibus-

302 3052 365 3106 dam
375 3051 609 3111 orate-Doctus,
621 3049 722 3118 peritus
731 3048 819 3118 operis

300 3131 329 3184 iu
342 3149 392 3185 suo
403 3149 509 3200 genere.

335 3213 393 3279 817.
413 3210 528 3279 Propter
543 3205 753 3262 multidudiuem
770 3207 819 3260 in-

301 3277 446 3344 ventorum
465 3285 641 3340 Athenienses
660 3284 739 3354 primi
757 3282 819 3336 Mi-

302 3385 415 3425 nervam
422 3353 526 3442 rip-,duas
534 3375 714 3435 cognomento
725 3361 820 3432 appel-

865 2266 918 2322 rito
928 2267 1066 2336 improbat.
1084 2267 1174 2322 Etiam
1192 2267 1304 2322 Heroid.
1319 2269 1379 2336 lll,

868 2343 918 2412 78:
935 2366 947 2390 ιι
967 2345 1002 2398 Et
1018 2345 1142 2398 minuent
1160 2345 1250 2416 plenas
1265 2347 1380 2402 stamina

867 2443 881 2466 »
894 2433 983 2476 nostra
993 2423 1080 2486 colon
1096 2445 1109 2470 u
1121 2419 1259 2490 Tibullus,
1276 2425 1309 2490 l,
1325 2441 1379 2492 sss,

867 2500 899 2554 8ss
912 2520 918 2552 :
931 2523 943 2546 u
955 2500 1077 2556 Deducat
1088 2501 1166 2571 plena
1177 2503 1289 2557 stamina
1301 2503 1380 2574 longa

868 2601 881 2626 a
890 2580 955 2634 colo.
963 2581 1144 2636 u-Praeterea
1154 2581 1280 2637 Heinsius
1287 2582 1361 2638 dedit
1370 2623 1379 2652 ,

866 2654 1105 2726 mollitespaellec
1122 2662 1224 2716 Discite
1234 2662 1301 2727 [aar
1319 2662 1380 2716 Hoc

868 2735 997 2807 posterius
1006 2739 1170 2804 Dr'scalejara
1177 2757 1239 2794 saue
1250 2739 1381 2794 blasarin.

867 2817 922 2872 duo
931 2818 1009 2872 Fara.
1019 2828 1046 2873 et
1054 2817 1167 2872 totidem
1175 2819 1217 2874 alii
1228 2819 1380 2888 presserunt.

900 2900 957 2969 819.
973 2897 1076 2952 Confer
1089 2897 1129 2952 Vl
1142 2897 1253 2954 Metam.
1262 2901 1309 2967 54,
1323 2919 1380 2970 sqq.

866 2977 976 3037 -Tela,
983 2977 1323 3044 tramastaminum,seriss
1332 2978 1380 3032 dn·

867 3053 925 3124 ples
934 3055 1094 3122 staminum,
1105 3054 1381 3125 derAussuffDicilur

867 3143 941 3186 stans
952 3143 980 3185 et
990 3131 1050 3186 alibi
1056 3135 1183 3200 pendula,
1197 3134 1258 3202 quia
1267 3136 1380 3190 stamina

867 3209 1382 3280 adperpendiculumeateudebantur.-

867 3291 983 3352 Μὶν,
995 3291 1044 3345 dar
1057 3289 1095 3346 W
1088 3289 1207 3359 ebscbr'sfi
1216 3289 1281 3360 Eius
1292 3310 1344 3362 opo
1350 3292 1380 3347 in

868 3376 1048 3422 transversum
1059 3368 1211 3423 immittitur
1219 3369 1360 3426 subtemen
1371 3411 1380 3438 ,
1429 3401 1434 3412 ·

302 3447 439 3506 laverunn
454 3443 596 3498 Pausanias
608 3441 689 3494 Attio.
701 3460 757 3509 cap.
770 3441 818 3506 ²4³
867 3447 914 3497 der
923 3445 1071 3515 Erbschlag.
1083 3446 1201 3500 -Tum
1214 3465 1277 3515 opas
1294 3447 1381 3503 adbuc

303 3521 440 3578 Diodorus
448 3520 553 3575 Siculus
561 3559 569 3586 ,
578 3529 644 3572 torn.
654 3519 750 3586 ᾕρει.
761 3515 819 3582 34⁰.
867 3539 951 3574 rarum
956 3529 1071 3588 pectam,
1083 3525 1130 3576 der
1138 3525 1302 3586 hamtab.
1315 3525 1382 3580 leri-

304 3605 444 3658 llinceana
455 3611 483 3654 et
492 3598 626 3652 Arnobius
634 3595 818 3660 atv.Geatea,
868 3607 926 3666 tur,
938 3609 969 3652 ut
978 3602 1083 3654 densam
1094 3600 1148 3656 liat.
1158 3627 1192 3642 -·
1200 3605 1311 3666 mma,
1324 3621 1381 3658 ιοιι

304 3683 365 3750 111,
379 3701 436 3753 pag.
449 3681 513 3746 118,
523 3702 536 3726 ιι
549 3676 709 3748 Magisteriis
721 3676 818 3730 artium
867 3681 975 3741 densat,
992 3677 1092 3736 babent
1107 3681 1281 3749 vetustiores,
1298 3694 1327 3736 et
1341 3693 1381 3739 est

306 3785 320 3809 a
333 3773 361 3816 es
371 3759 568 3830 disciplinarum
575 3757 745 3810 varietatibus
756 3773 821 3810 eru·
867 3755 955 3810 sorana
969 3757 1078 3827 antiqua
1089 3767 1117 3812 et
1128 3761 1236 3828 poetica.
1250 3759 1319 3816 Vita
1326 3759 1381 3816 Gi-

304 3843 439 3898 aditam»
452 3840 572 3914 appellat.
585 3838 653 3893 Eam
666 3838 701 3892 ob
712 3855 820 3892 causam
868 3834 959 3905 pluuii
969 3835 1030 3892 lnd.
1042 3835 1147 3892 Lucret.
1155 3838 1184 3894 in
1196 3843 1304 3896 deam
1427 3849 1430 3856 '

303 3921 410 3989 opifices
421 3920 445 3974 ei
455 3919 625 3990 supplicasse,
635 3917 756 3973 observat
769 3915 821 3974 La·
902 3913 959 3968 das.
975 3913 1127 3985 Descriptio
1144 3915 1273 3984 lullonis,
1291 3918 1338 3987 qni
1355 3930 1384 3974 et

304 3998 419 4052 stantius
428 3998 461 4052 de
472 3997 527 4050 sals.
537 3996 621 4068 stetis.
634 3997 665 4061 1,
676 4012 767 4062 xuni,
781 3995 821 4049 23.
868 3995 947 4050 teser
963 3993 1018 4047 sire
1034 3993 1152 4049 sordidas
1167 4007 1251 4052 vestes
1267 3996 1383 4052 lavando

307 4076 374 4130 lude
385 4076 485 4147 pendet
498 4077 571 4130 loeus
581 4095 619 4146 sq.
634 4076 668 4129 ln
678 4075 711 4128 iis
721 4075 821 4128 artibus
869 4083 948 4143 atque
960 4074 1084 4130 calcando
1097 4077 1241 4146 purgabat,
1253 4088 1297 4144 et,
1309 4089 1383 4134 creta

304 4153 822 4227 primnesia'feamt,tenendiars3AElia·
868 4153 922 4205 sive
933 4151 1036 4206 cimolia
1044 4151 1174 4220 adbibita,
1186 4154 1310 4210 candidas
1319 4156 1383 4210 red-

304 4253 374 4302 nus,
388 4232 489 4287 Histor.
501 4232 595 4286 Arnim.
611 4231 667 4299 Vl,
682 4233 722 4300 57.
738 4230 822 4300 Qua·
869 4230 955 4286 debat.
964 4257 998 4273 ··
1007 4231 1039 4287 ln
1050 4234 1141 4286 oleari
1154 4231 1295 4289 infectores
1307 4233 1382 4290 fuoor'
