3025 5009
587 1216 1098 1324 PRAEMONITIO

398 1461 469 1534 ao
500 1460 945 1535 ununrrrssnuuu
975 1462 1286 1536 nncronnu.

352 1690 390 1748 lu
408 1709 458 1748 sua
480 1686 646 1768 praelatione
663 1697 693 1748 et
709 1686 871 1768 prooemio,
884 1686 968 1764 (uide
982 1706 1069 1768 supra
1084 1705 1147 1768 pag.
1164 1707 1178 1746 1
1193 1697 1223 1748 et
1237 1687 1279 1763 4)
1293 1687 1332 1746 l).
1346 1689 1382 1748 V.

312 1797 436 1858 Gtsuto
457 1817 544 1876 pauca
567 1793 638 1854 dixit
665 1795 700 1856 de
725 1794 859 1876 symbolis
881 1793 1133 1866 observationum,
1157 1816 1226 1874 quas
1241 1795 1272 1853 in
1287 1793 1386 1857 Ovidii

308 1904 409 1965 Fastos
427 1903 590 1964 exhibuerat
604 1901 736 1962 Fatuus.
753 1905 860 1962 llnun.
886 1903 984 1963 Gora.
1003 1902 1189 1976 (laenius,
1205 1902 1273 1983 qnia
1296 1901 1384 1985 bajus

309 2010 450 2070 rationem
464 2009 499 2069 ab
519 2007 608 2090 ipsius
627 2029 713 2089 opera
727 2007 862 2068 nonnibil
877 2007 1037 2090 discrepare
1055 2007 1173 2069 viderat.
1186 2009 1251 2092 Ego
1267 2020 1386 2084 autem,

308 2129 461 2198 postquam
477 2115 537 2176 illas
555 2114 685 2198 diligenti
699 2114 848 2176 sedulitate
860 2115 1020 2196 perpendi,
1040 2115 1130 2176 multa
1144 2116 1303 2198 recognovi
1318 2138 1385 2197 qua

308 2223 339 2282 io
354 2222 425 2283 locis
441 2219 646 2282 difficilioribus
659 2218 833 2280 illustrandis
841 2219 938 2282 forent
948 2221 1078 2303 perutilia
1088 2245 1096 2294 ;
1107 2243 1198 2303 eaque
1207 2222 1280 2297 tibi,
1292 2222 1386 2284 lector

310 2327 438 2409 optime,
458 2325 632 2408 subjicienda
653 2325 796 2409 judicavi,
814 2338 848 2386 ut
862 2327 897 2387 ab
914 2327 993 2388 omni
1009 2341 1088 2410 parte
1109 2330 1197 2411 magis
1220 2329 1385 2393 absolutum

311 2457 386 2516 opus
402 2431 553 2496 invenires.
564 2435 666 2512 ltaque
680 2431 838 2493 nonnullos
853 2435 1019 2508 Excursus‚
1035 2433 1071 2494 de
1084 2436 1174 2495 Fastis
1187 2437 1386 2497 Romanorum

309 2554 367 2601 tam
392 2538 587 2600 kalendaribus
611 2561 696 2620 quam
714 2538 881 2614 historicis,
900 2539 935 2600 de
951 2539 1035 2600 notis
1058 2538 1229 2621 quibusdam
1247 2540 1386 2621 praesidiis

311 2646 411 2710 Ovidii
426 2647 688 2728 interpretationem
699 2645 920 2728 adjuvantibus,
936 2646 972 2708 de
985 2649 1168 2710 astronomiae
1182 2647 1326 2730 probabili
1338 2669 1388 2710 co-

311 2754 462 2838 gnitione,
479 2752 515 2813 de
528 2752 699 2834 quibusdam
708 2752 812 2815 veteris
825 2753 914 2814 lutiae
927 2753 1112 2829 numinibus,
1127 2754 1204 2816 etde
1217 2754 1280 2816 aliis
1289 2777 1387 2836 qums-

310 2859 440 2920 tionibus
465 2858 656 2940 explicandis,
679 2859 710 2919 in
732 2881 824 2920 unum
848 2859 987 2922 doctrinae
1011 2881 1118 2942 corpus
1142 2865 1318 2942 conjunctos
1343 2860 1388 2922 bie

310 2965 426 3028 babebis
439 3008 449 3040 ,
462 2988 537 3048 quos
549 2965 580 3025 in
591 2976 670 3027 tuam
682 2964 832 3028 utilitatem
844 2989 975 3030 cessuros
986 2969 1171 3033 vehementer
1181 2981 1253 3050 opto
1267 2980 1299 3030 et
1313 2989 1388 3030 coo-

311 3073 433 3136 fidenter
448 3095 543 3155 spero.
560 3072 641 3134 Vale.

1129 3185 1168 3244 N.
1189 3185 1226 3243 E.
1249 3183 1286 3243 L.
