3025 5009
302 536 369 621 aaa
586 542 626 607 r.
655 541 833 612 0v1o11
857 542 1088 614 ussurus

298 680 381 755 Jura
398 678 498 755 dabat
512 678 640 785 populo
658 681 793 757 senior:
807 682 965 786 finitaque
982 688 1081 761 certis

350 797 500 893 Legibus
515 816 567 874 est
582 816 680 889 atas,
698 798 788 874 unde
803 816 938 901 petatur
952 800 1073 877 bonos.

299 916 346 988 Et
360 915 489 990 medius
502 916 682 1015 juvenum,
699 944 770 991 non
787 916 1042 1012 indignantibus
1058 918 1161 1022 ipsis,

349 1032 443 1120 lbat;
461 1050 496 1107 et
511 1032 670 1133 interior,
688 1033 718 1107 si
735 1060 846 1108 comes
861 1062 950 1107 unus
965 1052 1045 1109 erat.

299 1147 409 1221 Verba
427 1147 503 1247 quis
520 1145 657 1221 auderet
673 1174 786 1220 eoram
803 1174 881 1222 sene
897 1146 999 1243 digna
1017 1147 1142 1222 rubore

348 1266 493 1340 Dicere?
510 1292 681 1339 censuram
698 1263 801 1361 longa
816 1283 947 1339 senecta
964 1264 1073 1339 dabat.
1134 1296 1140 1307 ·
1342 1307 1372 1357 ,ο

300 1377 465 1455 Romulus
481 1379 548 1453 hoc
564 1378 669 1467 vidit3
689 1375 877 1479 selectaque
893 1396 1032 1481 pectora
1048 1380 1163 1454 Patres

349 1499 466 1607 Dixit:
482 1497 525 1572 ad
539 1497 604 1573 bos
620 1497 717 1573 urbis
734 1525 863 1571 summa
879 1495 981 1571 relata
997 1525 1098 1573 nova.

298 1658 328 1712 in
342 1654 478 1721 Romulo,
495 1656 541 1720 sd,
557 1665 585 1710 et
599 1654 649 1707 alii.
660 1680 694 1695 -
705 1656 812 1709 bilaria-
861 1653 1059 1707 ibiGesnerus:
1074 1676 1088 1701 «ι
1101 1656 1210 1707 Interrbr
1225 1652 1258 1707 de
1274 1654 1373 1710 duobus

298 1743 400 1803 queste.
412 1734 475 1785 darn
485 1732 576 1802 primis
587 1730 696 1800 reipubl
709 1748 813 1785 roman.
862 1734 1048 1787 nnaeuntibns
1055 1742 1104 1800 est,
1113 1730 1198 1802 quiad
1205 1732 1333 1803 parietem
1339 1734 1372 1801 it,

299 1812 464 1883 temporibus
475 1822 580 1865 matura
596 1820 657 1865 setas
672 1811 814 1880 spectaba-
861 1812 915 1865 sive
928 1808 1035 1877 dexter,
1047 1810 1101 1865 sive
1114 1810 1234 1875 sinister;
1251 1816 1371 1873 exterior,

300 1891 384 1946 turin
396 1889 590 1959 magistratibus
601 1888 730 1943 creandis.
742 1889 815 1943 Hinc
864 1888 909 1959 qui
920 1889 952 1943 ab
963 1888 1010 1942 illa
1018 1887 1147 1942 exteriore
1158 1898 1231 1957 parte
1242 1908 1311 1959 ,qua
1320 1906 1374 1942 non

300 1990 373 2025 anno
387 1990 412 2024 u.
427 1990 450 2024 c.
462 1968 532 2042 539,
550 1966 679 2022 Cornelio
696 1967 815 2037 Scipioni
863 1970 900 2023 ita
910 1968 1029 2022 munitus
1040 1979 1096 2035 est,
1109 1966 1176 2021 latus
1186 1968 1374 2021 illiclauditrel

300 2048 451 2104 editiotem
459 2048 588 2117 spectanti
599 2046 758 2100 obstiterunt
768 2045 817 2099 tri·
865 2048 991 2117 tegitu-
999 2050 1117 2109 starum,
1127 2046 1168 2113 ius
1175 2046 1317 2117 castigandi
1324 2058 1374 2100 tur

298 2126 364 2181 burri
378 2126 478 2195 plebis,
495 2122 567 2194 quod
579 2122 702 2175 nondum
715 2122 749 2175 ad
762 2142 815 2192 pe-
864 2126 933 2195 piter
940 2124 981 2179 vel
990 2124 1128 2193 loquentes
1136 2164 1143 2190 ,
1152 2124 1193 2177 vel
1202 2136 1309 2195 agentes
1315 2145 1374 2180 curn

300 2202 414 2258 tendum
422 2201 538 2273 legitima
545 2211 607 2254 etas
618 2211 698 2262 essett
710 2200 813 2265 Livius,
863 2214 984 2272 respectu
996 2212 1086 2255 tamen
1099 2202 1133 2255 ad
1145 2203 1261 2257 censoris
1271 2220 1374 2257 munus.

300 2282 402 2345 xxV,
422 2300 456 2343 η
471 2278 517 2332 sed
531 2279 615 2332 serius
626 2277 738 2343 Villius,
756 2278 817 2331 trib.
865 2279 957 2351 Longa
974 2290 1081 2333 senecta
1098 2298 1231 2351 quemque
1250 2281 1376 2336 reddebat

300 2356 609 2430 plebislegemannalem
616 2357 685 2424 tulit,
693 2358 817 2426 quaanni
864 2358 1051 2427 quasi'morum
1061 2358 1230 2427 magistrum
1240 2358 1309 2413 coni.
1319 2359 1375 2413 Plu-

302 2434 616 2507 singulorum-laonorum
626 2431 730 2487 deliniti
741 2444 816 2486 sunt.
864 2435 948 2490 tarcbi
960 2436 1076 2490 institut¹
1089 2435 1186 2489 Lacon.
1195 2453 1215 2489 s.
1227 2436 1242 2488 3
1254 2446 1280 2489 et
1293 2439 1317 2503 4.

303 2517 373 2571 Vide
384 2516 500 2571 Ducber.
509 2515 543 2568 ad
552 2515 657 2568 livium
667 2513 738 2569 dicto
747 2514 817 2569 loco.
898 2517 1060 2585 71.Selecra,
1081 2517 1239 2585 prestantia.
1255 2520 1374 2577 Iberum

302 2602 389 2653 I'i‘nt'ta
401 2597 498 2668 igitur,
512 2595 630 2649 definita.
863 2600 950 2662 capita
958 2606 984 2648 et
993 2614 1098 2662 corpora
1108 2606 1212 2665 ponunt
1221 2596 1308 2651 Latini
1319 2598 1377 2663 ,niti

314 2677 376 2746 =67.
390 2674 453 2729 Non
465 2673 818 2743 modoinrepublica,·pri·
864 2690 914 2726 nos
935 2692 1086 2742 personas,
1117 2672 1239 2727 homines
1260 2674 1377 2729 dicimus.

302 2756 384 2809 vatim
403 2772 508 2824 quoque
525 2753 711 2806 ⁴honorabatur
732 2772 818 2806 sene-
866 2748 954 2820 Vulgo
963 2752 1188 2820 legiturcorpom
1199 2752 1245 2806 sed
1253 2752 1378 2808 Heinsius

302 2845 376 2898 cm„
387 2830 484 2886 Cicero
493 2831 599 2885 Seneca,
610 2832 677 2884 182«
686 2830 753 2884 Hac
762 2831 817 2900 ipsa
860 2840 967 2895 pectam
985 2830 1117 2897 pretulit,
1135 2830 1197 2897 quia
1211 2828 1245 2884 de
1254 2832 1376 2896 consilii,

303 2936 317 2961 n
330 2922 393 2967 sunt
412 2910 596 2975 honorabilia,
617 2927 676 2977 quse
692 2908 819 2962 ridentur
865 2923 921 2958 uon
936 2905 1035 2958 virium
1052 2907 1201 2975 prestantia
1218 2907 1312 2977 agitur.
1328 2911 1377 2962 Se-

304 3014 320 3039 »
332 2991 398 3045 isvis
411 3000 490 3058 atque
501 2987 672 3053 commtmia,
691 2985 815 3055 alatari,
864 2985 951 3045 lectu
969 2982 1012 3035 alii
1024 2986 1131 3035 delecta.
1144 2983 1278 3050 Velleius,
1296 2986 1326 3052 l,
1344 2989 1376 3053 8,

307 3089 321 3114 n
332 3067 437 3137 appeti,
451 3064 559 3129 decedi,
573 3062 686 3133 assurgi,
702 3063 816 3131 deduci,
865 3056 899 3111 de
916 3059 1051 3113 Romulo:
1065 3080 1079 3107 a
1089 3060 1150 3112 ·Hic
1163 3071 1271 3114 eentum
1286 3062 1379 3116 horni-

306 3170 320 3193 »
332 3144 423 3199 reduci
432 3185 439 3210 ,
448 3143 631 3211 consuli:quae
638 3154 667 3195 et
675 3142 744 3212 apud
752 3162 815 3210 nos,
867 3158 881 3184 a
893 3158 941 3191 uea
955 3139 1066 3206 electos,
1080 3139 1272 3210 appellatasque
1287 3142 1377 3197 Patres

306 3245 319 3270 a
331 3233 359 3277 et
372 3222 400 3274 iu
415 3222 470 3274 aliis
481 3221 643 3285 civitatibus,
658 3231 689 3274 ut
705 3240 817 3291 quasque
867 3216 975 3270 »instar
998 3218 1090 3271 habuit
1116 3218 1217 3272 consilii
1241 3219 1345 3303 publici.
1362 3242 1375 3267 ν

306 3300 432 3369 »optime
446 3310 549 3351 morata
565 3301 601 3351 ita
619 3297 817 3368 diligentissime
867 3292 1017 3361 Quaesitum
1036 3296 1090 3363 jam
1111 3295 1199 3362 olim,
1220 3315 1268 3349 cur
1288 3301 1378 3352 Patres
1415 3312 1419 3324 “

306 3400 321 3427 υ
333 3379 514 3431 observantur.
526 3396 540 3422 u
550 3402 584 3415 —
595 3375 696 3428 Locum
708 3381 818 3429 inedium
865 3370 943 3434 dicti;
958 3372 1185 3426 Sallustius-Catil.
1198 3373 1238 3427 Vl
1248 3414 1255 3440 ,
1267 3374 1285 3427 b
1295 3393 1303 3427 ε
1313 3398 1325 3421 ιι
1339 3375 1378 3428 lli

317 3458 383 3511 uisse
392 3455 604 3526 apudliornanos
611 3454 726 3522 aliosque
736 3474 818 3524 popu·
867 3469 881 3493 a
894 3448 937 3501 vel
954 3460 1046 3516 atate,
1064 3450 1106 3503 vel
1120 3469 1191 3505 curte
1206 3451 1376 3506 similitudine

304 3536 343 3589 los
353 3532 585 3587 honoratissimum
595 3569 603 3597 ,
615 3532 695 3583 etiam
707 3550 740 3583 ex
750 3531 818 3583 Sal·
867 3548 882 3573 a
896 3528 988 3581 Patres
1007 3529 1137 3599 appellati.
1155 3552 1169 3577 υ
1189 3530 1333 3586 Plutarcho
1345 3534 1375 3585 iu

303 3614 397 3682 lustin,
410 3612 518 3681 Jugurc
534 3610 597 3674 xl,
616 3610 650 3675 3,
667 3620 697 3662 et
715 3610 817 3665 Minuc.
866 3606 998 3674 Romula,
1014 3608 1377 3679 rd,·credibilevidetur,lio

305 3694 398 3749 Octav.
409 3697 437 3761 4,
446 3699 561 3760 apparet
571 3687 738 3757 lieliquiduo
747 3692 818 3741 latas
866 3689 970 3740 mulum
982 3688 1033 3742 boc
1045 3690 1154 3742 nomine
1170 3689 1338 3746 admonuisse
1351 3704 1377 3745 et

304 3772 385 3827 medii
396 3768 813 3840 interdicebantur-Iurensia,
864 3777 1014 3833 senatores,
1033 3778 1063 3819 ut
1075 3778 1187 3836 paterno
1201 3768 1297 3822 allectu
1311 3772 1376 3823 cirea

304 3852 375 3905 inter
384 3852 502 3918 juvenes.
512 3875 547 3888 -
558 3850 616 3901 Non
627 3848 818 3914 {elevantibus
866 3848 1104 3915 amplecterentur,
1116 3858 1144 3901 et
1155 3848 1276 3917 plebem,
1290 3868 1324 3903 ne
1337 3850 1376 3903 rel

303 3936 387 3998 e'psr‘s,
409 3930 477 3982 sorte
497 3948 545 3997 per
562 3933 671 3989 isaiam
690 3927 791 3981 dictum
808 3966 816 3994 ,
867 3925 1101 3991 horrerent'illos,
1120 3926 1161 3979 vel
1176 3927 1327 3982 inviderent
1340 3928 1376 3981 iis.

305 4027 389 4079 quum
403 4009 440 4061 illi
453 4007 568 4061 libenter
582 4006 609 4059 id
626 4006 735 4061 bonoria
750 4025 818 4060 con·
867 4002 943 4071 Quid
957 4002 1070 4057 Ovidius
1083 4005 1212 4072 senserit,
1231 4006 1281 4059 loci
1299 4008 1376 4060 series

304 4087 438 4142 cederent
454 4086 499 4140 sic
510 4087 596 4153 maior
607 4094 647 4139 est
659 4086 817 4139 reverentia.
866 4084 972 4137 indicat.
995 4083 1126 4138 Romulus
1146 4086 1194 4139 hoc
1212 4089 1292 4149 wilri,
1312 4106 1376 4156 spe-

303 4167 463 4227 -Interabr,
479 4166 622 4231 Horatius,
641 4164 668 4219 ll
682 4203 690 4229 ,
709 4165 764 4219 Sat.
782 4180 815 4231 v,
865 4165 960 4230 stavit,
974 4162 1042 4217 ellici
1055 4163 1153 4231 voluit,
1166 4176 1196 4219 ut
1210 4166 1282 4234 plebs
1296 4186 1376 4219 reve-

304 4262 353 4314 17:
366 4254 382 4291 e
398 4244 440 4297 Ne
452 4254 542 4296 tamen
557 4243 596 4295 illi
606 4243 650 4295 Tu
663 4261 752 4296 comes
766 4260 817 4296 ex·
865 4244 1266 4298 assentationes-tam
1272 4243 1375 4298 amatia

299 4348 314 4373 ν
326 4325 422 4393 terior,
434 4322 455 4379 si
466 4324 595 4393 postulet,
610 4323 650 4375 ire
666 4341 789 4389 recusem
803 4342 817 4368 u
866 4342 892 4375 se
908 4332 947 4375 est
965 4320 1006 4375 rel
1022 4340 1159 4376 summum
1172 4322 1315 4391 imperium
1330 4340 1374 4374 un
