3025 5009
274 439 342 522 486
672 439 949 510 EXCURSUS

201 573 204 584 ¹
274 600 307 657 et
321 599 431 657 exacte
442 583 484 658 ad
494 585 620 658 Petavii
632 583 765 658 fabulas
778 588 1001 687 propriosque
1016 583 1162 658 calculos
1173 582 1348 673 discussit,

275 717 308 772 et
323 698 488 773 horizonti
505 728 640 801 aevoque
659 700 729 776 suis
748 700 893 776 reddidit
909 700 956 775 ill.
976 700 1073 775 Psaff.
1091 701 1114 774 Ι.
1134 730 1163 774 e.
1182 702 1351 776 -Prius

276 841 375 912 quam
390 842 467 887 vero
485 813 584 920 simili
600 813 728 890 ratione
745 815 782 888 in
800 815 1001 915 quibusdam
1016 815 1130 891 Ovidii
1147 815 1231 890 locis
1244 816 1287 890 ad
1300 845 1354 890 ve·

274 929 403 1004 ritatem
421 931 678 1007 astronomicam
695 932 890 1006 revocandis
904 930 1127 1020 versabimur,
1147 948 1197 1018 et,
1215 931 1353 1033 quidde

275 1045 317 1119 iis
331 1045 546 1144 judicandum
566 1046 633 1132 sit,
659 1045 866 1135 videbimus,
890 1047 1006 1149 paucis
1025 1046 1066 1120 de
1081 1061 1201 1120 ortuum
1217 1062 1250 1120 el
1262 1075 1354 1120 occu-

276 1189 364 1236 suurn
382 1163 472 1264 apud
489 1181 615 1237 veteres
634 1162 758 1238 dirersis
766 1163 945 1264 geuen'bus,
972 1179 1007 1236 et
1022 1162 1065 1235 de
1080 1161 1230 1236 veritatis
1245 1180 1357 1236 astro-

275 1283 412 1356 nomicae
430 1279 652 1382 probabiliter
668 1280 851 1382 quaerendae
867 1280 994 1355 ratione
1011 1278 1187 1353 dicendum
1204 1297 1266 1354 est.
1283 1282 1355 1353 Vc-

280 1415 365 1472 teres
385 1395 472 1470 enim
490 1397 597 1472 Graeci
615 1414 690 1472 ante
706 1395 880 1471 Thaletem
899 1395 995 1494 (vide
1011 1395 1135 1496 supra)
1156 1413 1356 1498 apparentes

275 1515 411 1590 nonnisi
427 1533 521 1590 ortus
538 1543 740 1616 occasusque
754 1514 951 1616 spectabant
965 1532 999 1590 et
1013 1514 1060 1588 ita
1076 1512 1211 1588 nonnisi
1224 1513 1357 1588 divide-

279 1630 386 1716 bant,
405 1646 445 1703 ut
461 1647 574 1703 ortum
590 1633 607 1726 (
612 1633 769 1724 ἐπιτολὴν)
787 1647 821 1705 et
837 1658 990 1704 occasum
1006 1629 1157 1727 (δύσιν),
1177 1626 1229 1701 vel
1245 1646 1358 1702 matu-

280 1745 402 1833 tinum,
420 1742 471 1818 vel
485 1746 711 1845 vespertinum
724 1775 797 1820 esse
810 1746 994 1821 indicarent
1009 1754 1031 1818 ¹.
1047 1747 1164 1845 Quum
1173 1771 1251 1818 vcro
1260 1761 1358 1818 ortus

279 1879 475 1962 apparentes
493 1877 526 1935 et
542 1889 638 1935 veros
656 1861 841 1937 discernere
859 1862 1073 1950 didicissent,
1093 1862 1140 1936 ita
1155 1887 1213 1934 eos
1232 1860 1359 1936 divisos

282 1994 315 2049 et
332 1976 517 2078 appellatos
535 1963 605 2054 esse
622 1995 813 2054 constanter
829 1977 1039 2053 invenimus:

464 2167 549 2222 Ortus
562 2169 708 2224 matutinus
719 2187 813 2235 verus,
827 2167 878 2221 ie.
888 2166 1024 2221 cosmicus.
1100 2166 1105 2177 “

465 2297 644 2314 ........
662 2277 807 2328 apparens,
817 2259 834 2311 i.
847 2278 871 2311 e.
883 2257 1006 2312 heliacus.

468 2391 473 2401 .
492 2390 499 2403 .
517 2392 523 2405 .
538 2389 544 2402 .
561 2349 727 2420 vespertinus
740 2368 835 2416 verus,
847 2349 865 2402 i.
879 2369 902 2403 c.
917 2349 1087 2422 acrouychus

466 2477 648 2496 ........
667 2457 804 2508 apparens.

469 2531 586 2588 Occasus
597 2533 743 2587 matutinus
755 2551 849 2597 verus,
863 2530 880 2585 i.
892 2549 916 2584 e.
927 2529 1062 2585 cosmicus·

466 2621 582 2676 Occasus
594 2621 741 2675 matutinus
754 2637 890 2690 apparens

468 2712 584 2767 Occasus
597 2713 761 2782 vespertinus
771 2731 866 2777 verus,
878 2710 896 2762 i.
907 2729 931 2762 e.
943 2708 1113 2782 aeronyehus.

472 2799 587 2855 Occasus
599 2801 765 2871 vespertinus
777 2819 922 2872 apparens,
934 2800 950 2854 i.
963 2819 986 2853 e.
998 2796 1120 2852 heliacus

228 2971 230 2978 '
289 2963 349 3036 ubi
365 2961 430 3036 hoc
446 2963 597 3036 universe
615 2963 796 3038 tenendum
814 2982 888 3037 ests

343 3085 387 3148 1⁰.
407 3079 508 3150 Mane
525 3105 621 3152 veros
640 3097 733 3152 ortus
746 3076 863 3151 multis
878 3103 964 3178 saepe
977 3073 1096 3149 diebus
1109 3075 1289 3178 praecedere
1299 3103 1365 3176 ap-

289 3210 453 3289 parentes.
480 3203 532 3265 20.
550 3191 689 3292 Vesperi
707 3209 904 3292 apparentes
920 3191 1103 3291 precedere
1119 3219 1224 3265 veros.
1242 3191 1365 3264 Astro-

289 3309 382 3380 nomi
399 3310 514 3404 graeci,
534 3328 567 3382 et
584 3307 790 3397 Columella,
809 3327 844 3383 et
859 3307 989 3382 Plinius
1006 3336 1154 3409 semper,
1174 3327 1213 3382 ut
1228 3333 1363 3382 necesse

291 3443 363 3513 est,
392 3427 459 3500 sire
485 3446 578 3500 ortus
606 3427 810 3516 matutinus,
836 3426 903 3500 sive
931 3425 1162 3527 vespertinus,
1194 3424 1364 3498 interdum

292 3547 388 3620 etiam
417 3546 485 3620 sive
510 3543 695 3632 cosmicus‚
712 3545 780 3618 sive
795 3542 959 3632 heliacus,
986 3541 1062 3617 sise'
1073 3541 1277 3645 acronychus
1295 3541 1364 3630 sit,

291 3679 463 3736 annotant.
482 3660 625 3735 Ovidius
642 3689 737 3750 raro,
756 3689 842 3763 sape
858 3659 965 3749 salso,
993 3689 1079 3763 saepe
1096 3659 1271 3756 ambigue,
1291 3677 1368 3732 uter

293 3794 388 3850 ortus
404 3803 578 3851 occasusve
596 3774 659 3862 sit,
682 3773 830 3862 indicat,
847 3792 879 3848 et
895 3773 1082 3848 videbimus
1104 3773 1189 3846 infra
1211 3799 1288 3846 cum
1310 3771 1368 3844 six

328 3981 336 4010 ¹
349 3967 478 4047 derectus,
488 3978 514 4032 id
523 3989 688 4033 estanuuum
696 3988 801 4044 ortum,
851 3985 907 4044 est,
919 3988 979 4029 ortu
991 3974 1146 4044 quotidiano
1154 3976 1281 4046 postsolis
1292 3994 1370 4029 ωα-

292 4057 334 4110 vel
353 4059 460 4127 qrraudo
475 4057 546 4114 sidus
563 4057 679 4127 primum
696 4057 723 4112 iu
739 4055 805 4112 celo
851 4054 1069 4110 sumutmisem
1080 4055 1125 4108 ἀεὶ
1135 4060 1371 4130 strenuumque

293 4146 401 4204 apparet
412 4135 552 4206 diligenter
560 4133 684 4206 distingui
691 4133 804 4190 vultGe·
853 4145 945 4190 tamen
957 4153 1033 4190 voees
1044 4135 1138 4204 saepius
1148 4142 1370 4199 commutantur,

293 4215 384 4270 minus
396 4217 405 4283 ί
417 4234 439 4268 c
450 4213 512 4282 xl)
524 4215 569 4268 slas*
580 4228 622 4278 τίς
633 4217 762 4284 hastis,
776 4214 804 4268 id
852 4224 884 4268 ut
895 4214 990 4284 passim
1002 4213 1127 4284 reperies
