3025 5009
240 485 307 572 rso
637 483 920 556 excursus
954 553 959 562 .

238 629 378 702 Factum
394 625 459 699 boc
476 641 547 702 erat
562 626 598 700 in
611 626 661 700 M.
681 643 715 701 et
726 629 766 702 L.
781 626 957 715 Antoniis,
976 625 1035 700 sed
1051 642 1168 727 postea
1183 628 1319 702 restitu-

239 761 335 830 tum,
357 743 444 818 idem
460 741 567 819 lacere
584 741 748 845 parabant
764 743 801 817 in
816 743 939 820 Pisone
957 743 1050 818 :Cin
1068 743 1195 846 Philip.
1213 747 1319 835 Xlll,

245 894 306 956 123
324 867 402 942 Tac.
421 868 511 941 Anu.
530 869 604 956 ΙΙΙ,
623 885 724 955 xvll,
744 884 850 942 xv111.

289 991 366 1064 Jam
380 989 420 1065 de
435 989 573 1078 ovidio,
593 993 731 1093 ejusque
746 1018 849 1091 opera
863 987 900 1063 in
912 988 1023 1064 Fastis
1034 987 1254 1064 labadonbus
1266 1017 1321 1066 ex·

242 1114 407 1218 plicandis
425 1133 458 1191 et
473 1115 674 1191 exornandis
692 1117 814 1218 posita.

292 1238 420 1329 Multa,
442 1267 516 1341 qua
532 1240 568 1314 in
586 1239 639 1314 bis
655 1238 774 1327 fastis,
795 1239 864 1314 sire
883 1256 1011 1314 veteres
1034 1257 1133 1315 notas
1154 1239 1324 1316 interdum

242 1362 518 1465 interpretatione
540 1363 734 1462 ambiguas,
758 1363 827 1439 sive
842 1362 942 1440 ferias
957 1391 1138 1466 earumque
1153 1363 1324 1462 origines,

243 1488 311 1564 sive
326 1487 464 1565 notitias
480 1488 658 1564 historicas
675 1489 725 1563 ibi
744 1489 931 1593 adscriptas
948 1507 1099 1592 spectas,
1117 1489 1163 1564 ob
1179 1487 1327 1590 antiqui·

243 1629 347 1688 tatem
361 1615 506 1690 obscura
521 1632 616 1690 eraut
637 1632 671 1689 et
688 1613 909 1718 explicatione
931 1615 1149 1712 indigebant,
1173 1615 1242 1713 jam
1256 1641 1328 1688 ma-

245 1755 320 1812 ture
336 1738 530 1815 invenerant
542 1758 714 1831 auctores,
733 1739 794 1842 qui
808 1739 846 1814 in
858 1739 901 1814 iis
915 1739 1123 1842 exponendis
1136 1739 1213 1814 data
1227 1767 1329 1842 opera

245 1863 365 1939 versati
387 1882 494 1940 erant.
514 1867 583 1941 Tot
606 1865 763 1940 seriarum
787 1864 934 1962 origines
955 1864 1005 1939 ibi
1025 1863 1222 1954 illustratae,
1245 1893 1329 1964 qua·

192 2063 194 2068 ,
246 2003 344 2062 tenus
359 1986 432 2062 fieri
449 2005 583 2089 poterat
602 2018 642 2065 ex
658 1987 858 2091 antiquitate
885 2017 1025 2065 romana
1046 1989 1219 2091 repetita,
1242 1987 1329 2063 ritus

232 2112 505 2213 'ceremoniaeque
524 2111 734 2209 singulorum
756 2112 919 2189 festorum
939 2113 1083 2190 enarrari
1101 2130 1135 2186 et
1151 2110 1329 2214 explicati,

245 2234 395 2308 Deorum
417 2234 634 2336 antiquorum
651 2235 788 2312 nomina
809 2253 843 2312 et
860 2237 973 2313 cultus
992 2235 1157 2339 expositi,
1182 2233 1330 2337 templo-

245 2385 321 2432 rum
336 2357 548 2434 conditorum
561 2359 710 2437 historia
718 2358 857 2450 tradita,
875 2363 967 2437 notis
981 2359 1049 2435 illis
1062 2360 1249 2462 antiquitus
1262 2376 1332 2432 tra-

245 2478 322 2556 latis
339 2481 422 2584 quid
440 2482 684 2580 significaretur
699 2485 903 2572 indicatum,
927 2484 1006 2559 anni
1027 2484 1176 2560 rationes
1195 2483 1333 2558 diverse

247 2606 424 2708 exposita,
445 2635 596 2697 errores,
617 2609 674 2710 qui
697 2606 801 2705 vulgo
826 2606 1168 2696 circumferebantur,
1189 2605 1333 2680 discussi

247 2726 460 2825 legebantur,
476 2730 598 2818 verbo,
617 2729 780 2833 quicquid
795 2730 832 2804 in
846 2731 889 2806 iis
901 2728 1126 2807 illustratione
1142 2729 1332 2826 indigebat,

248 2853 485 2928 commentario
507 2871 672 2957 perpetuo
693 2883 826 2930 omnem
848 2883 974 2930 anuum
994 2872 1217 2957 persequente
1238 2881 1335 2928 com-

247 2975 516 3078 prehendebatur
539 3008 548 3053 τ
574 3006 681 3079 eoque
697 2979 806 3074 magis
822 2978 860 3054 bi
876 2977 1080 3079 scriptores,
1103 2977 1163 3079 qui
1179 2975 1231 3050 vel
1249 3004 1335 3051 com-

248 3101 403 3175 mentariis
412 3099 549 3176 etlibris
562 3101 790 3204 peculiaribus
802 3100 854 3178 vel
868 3102 1054 3176 brcrrbn'bus
1065 3099 1330 3184 adnotationibus,

250 3253 334 3325 quas
348 3225 442 3301 lastis
456 3224 592 3328 publice
606 3225 714 3303 affixis
727 3226 931 3326 adjecerant,
948 3226 1035 3302 banc
1050 3254 1185 3328 operam
1196 3253 1335 3300 navave-

248 3366 341 3437 raut,
358 3348 494 3424 adbauc
505 3352 723 3451 questionem
735 3350 923 3451 pertinent,
938 3378 1042 3450 quum
1052 3366 1086 3423 et
1098 3348 1165 3451 ipsi
1174 3346 1334 3451 praecipui

249 3471 360 3547 sontes
378 3469 534 3548 carminis
548 3471 707 3548 ovidiani
726 3472 817 3549 baud
835 3472 937 3548 dubie
949 3471 1085 3547 luerint

291 3602 608 3678 Luculentissimurb
619 3602 807 3706 exemplum
816 3605 959 3680 brerrbn's
967 3601 1120 3706 ejusmodi
1129 3601 1336 3676 αᾰηοιαώωέ

251 3729 286 3802 iu
299 3729 373 3831 ipso
385 3727 525 3830 publico
536 3756 701 3803 marmore
714 3728 889 3832 descriptae
896 3728 1059 3804 babemus
1067 3726 1154 3802 inV
1146 3725 1220 3801 ertit
1225 3725 1336 3801 Fastis

250 3941 412 3996 adscribatur
420 3955 448 3998 et
455 3941 618 4014 provinciam
627 3944 764 4000 nancisca-
814 3957 923 4008 Quaem
931 3971 943 3996 ι
950 3957 1015 4009 prin
1023 3955 1134 3996 numm
1143 3954 1187 3994 tm
1196 3966 1231 4005 per
1243 3951 1322 3992 utun.

252 4031 313 4085 tnr3
332 4021 426 4090 quibus
441 4023 519 4078 rebus
539 4022 652 4096 dignitas
667 4043 766 4080 consu-
1182 4022 1186 4036 ¹

251 4099 314 4154 laris
326 4099 466 4157 innuitur:

252 4199 355 4252 Sexaginta
365 4210 416 4240 tem
423 4215 485 4254 quum
492 4202 560 4242 limina
570 4216 628 4242 mene
635 4212 714 4246 maor
721 4231 730 4254 ,
845 4190 889 4233 Μ
903 4188 1017 4230 Nul‘lffl
1031 4195 1098 4256 ΨΜ
1105 4185 1285 4238 stl‘l’ssmflll'·
1294 4193 1337 4234 Ρ·

277 4275 326 4315 zan
336 4275 373 4315 tibi
380 4275 448 4318 uideor
456 4275 565 4317 desidiosus
572 4289 632 4330 aqum
640 4305 648 4328 ‚
896 4269 940 4310 Μ,
953 4271 992 4302 ⁶¹0·
