3025 5009
138 1364 248 1491 Qu!
270 1419 368 1467 causa
383 1390 556 1493 impulerit
574 1390 756 1482 Ovidium,
783 1410 823 1467 ut
835 1394 879 1469 ad
895 1396 1015 1471 Fastos
1031 1398 1205 1479 Romana.

133 1543 203 1589 rum
216 1514 317 1610 elegis
331 1515 541 1591 exornandos
554 1514 708 1615 adjiceret
721 1516 888 1607 animum,
904 1520 1058 1620 equidem
1074 1512 1206 1623 lic’puido

135 1636 238 1713 dicere
259 1666 330 1713 nou
354 1637 471 1711 ausim.
499 1638 603 1711 Mino
626 1640 793 1741 Propertii
819 1642 913 1739 (IV,
933 1660 965 1741 1,
982 1641 1057 1743 69)
1081 1644 1205 1729 verba,

134 1758 229 1833 &cro
248 1760 371 1861 dr'esque
391 1788 520 1846 conam,
546 1776 577 1833 e!
595 1763 774 1863 cognormira
784 1762 890 1868 panico
906 1764 1059 1850 locorum,
1082 1766 1207 1865 quihus

132 1883 290 1957 excitatus
304 1883 501 1983 prevenisse
515 1883 656 1957 amicum
675 1884 847 1958 nonnullis
867 1885 1007 1960 ridetur.
1035 1867 1206 1963 Memora—

132 2002 232 2079 bilior
247 2022 299 2079 est
313 2006 477 2079 sententia
492 2032 627 2094 eorum,
648 2006 706 2107 qui
721 2005 961 2083 Callimachum
973 2026 1096 2110 putant
1109 2011 1152 2083 ab
1165 2040 1206 2085 co
1266 2088 1275 2105 ‚

132 2157 199 2205 csse
211 2157 416 2229 expressum.
444 2130 542 2203 Hunc
572 2128 659 2203 enim
679 2148 811 2205 constat
829 2133 996 2224 carmine,
1017 2136 1070 2209 cui
1086 2130 1202 2211 Ᾰιτὶων

131 2252 195 2326 sire
208 2250 382 2325 &marum
395 2278 518 2325 nomen
531 2250 747 2352 inscriptum,
762 2282 874 2328 rerum
883 2256 1204 2356 antiquissimam,

131 2380 169 2453 ad
181 2382 274 2454 Deos
284 2397 315 2453 ct
324 2378 444 2453 heroas
456 2370 694 2479 pertinentium
707 2406 823 2453 causas
836 2384 939 2474 (αἴτια
950 2384 1085 2480 appion
1098 2389 1204 2481 ἡρώων

129 2510 179 2579 ael
199 2511 347 2604 precipua
361 2506 378 2597 )
392 2502 611 2604 explicuisse3
635 2503 730 2601 cujus
749 2504 905 2580 carminis
921 2504 1124 2601 fragmenta,
1143 2506 1204 2580 scd

128 2627 337 2714 brevissima,
351 2624 493 2701 Bentleii
513 2625 601 2699 curis
618 2624 782 2714 collecta,
801 2625 835 2722 in
851 2626 997 2703 editione
1013 2626 1206 2702 Callimachi

128 2751 326 2839 Fanestina,
342 2766 421 2823 tom.
436 2750 492 2847 II,
507 2777 540 2850 p.
556 2744 736 2841 416-426,
752 2746 920 2844 leguntur.
949 2751 995 2823 Et
1009 2778 1048 2823 ex
1059 2749 1114 2825 his
1129 2752 1204 2851 qni-

128 2874 201 2949 (lem
220 2873 414 2969 fingmentis
430 2872 543 2973 operia
561 2871 647 2949 ratio
667 2871 805 2945 minime
830 2874 1066 2969 cognoscitur3
1090 2902 1204 2949 verum

126 2996 335 3094 Antlrologia
344 2997 472 3086 Graeca,
486 3013 566 3069 tom.
580 2994 641 3083 IV,
656 3022 738 3097 pag,
751 2994 839 3084 236,
854 2997 1069 3098 Epigramma
1082 2995 1200 3085 hahet,

127 3121 216 3197 uncle
239 3138 374 3223 poetam
399 3145 497 3193 usum
526 3146 597 3191 csse
622 3115 688 3191 hoc
710 3116 872 3212 figmento
900 3118 1073 3208 videmus,
1097 3138 1138 3195 ut
1165 3121 1201 3195 in

127 3245 255 3321 somnis
275 3272 309 3317 se
331 3242 453 3317 diceret
473 3242 510 3315 in
523 3239 687 3316 Helicona
709 3236 908 3343 abreptum,
933 3272 1007 3343 qua
1020 3263 1200 3345 quaereret,

130 3396 169 3443 ex
182 3368 268 3469 ipsis
284 3365 396 3441 Musis
413 3365 590 3467 accepisse.
618 3366 665 3437 Et
683 3392 780 3453 sane,
796 3365 895 3439 etiam
910 3365 1054 3441 Ovidius
1069 3367 1104 3441 in
1121 3369 1204 3441 Fas·
1351 3408 1356 3423 =

128 3512 240 3569 torum
260 3518 362 3594 opere
384 3488 505 3565 Carnos
527 3488 707 3565 multarum
727 3516 861 3579 rerum,
887 3518 957 3565 non
974 3492 1201 3565 Romanarum
1331 3485 1334 3492 ⁴

126 3634 274 3704 tantum,
289 3614 445 3716 exponit,
459 3614 543 3715 quin
557 3631 590 3688 et
603 3615 696 3689 Deos
710 3614 777 3689 sihi
791 3616 977 3715 Musaeque
988 3615 1086 3711 fingit
1097 3644 1201 3717 appa·

120 3740 248 3829 ruisse,
262 3756 322 3827 nt,
337 3766 411 3841 quae
425 3736 542 3813 abdita
555 3734 714 3824 laterent,
726 3735 803 3811 *sibi
815 3738 993 3837 aperirent
1010 3737 1122 3811 Etiam
1135 3738 1201 3813 hoc

122 3880 248 3938 certum
260 3878 329 3950 est,
357 3859 551 3934 Callimachi
565 3888 696 3934 carmen
712 3860 792 3935 satis
809 3877 930 3935 notum
950 3858 1054 3935 luisse
1071 3863 1199 3936 Roma-

118 3987 193 4075 nia,
207 3985 444 4085 laudatumque
458 3987 660 4071 aVarrone,
683 3981 854 4073 Martiali,
869 3981 1069 4073 Plutarcho,
1083 3985 1197 4059 Servio
1231 4025 1234 4030 ·

121 4109 270 4211 aliisque.
298 4108 524 4184 Ruhnkenius
541 4106 683 4209 denique
705 4104 816 4179 locum
831 4106 985 4181 christ.
1002 4106 1053 4196 V,
1077 4123 1126 4195 v,
1150 4102 1197 4179 33

123 4264 208 4339 sqq,
221 4230 368 4325 notant,
384 4216 483 4336 quern
497 4263 536 4309 er
551 4232 633 4335 ipsis
647 4230 714 4308 illis
727 4230 923 4309 Callimachi
934 4236 1053 4316 Δίτὶοις
1064 4259 1198 4332 expres-
