3025 5009
295 393 362 460 360
583 396 622 461 P.
651 396 830 464 OVIDII
851 397 1079 466 NASONIS

292 535 411 612 Noluit
426 537 492 612 boe
507 537 631 612 freter:
649 536 755 639 pietas
771 536 907 639 equalis
927 538 963 612 in
978 538 1038 613 illo
1058 557 1131 614 est:

345 655 449 752 Quod
461 655 594 757 potuit,
612 654 773 756 lacrymas
789 656 826 728 in
843 656 995 730 meelate
1015 656 1117 732 dedit.

294 771 395 845 Hunc
410 801 469 847 vos
486 801 546 874 per
563 771 741 874 lacrymas,
762 800 821 873 per
835 789 940 846 vestra
959 770 1114 848 alimenta
1129 793 1261 870 rogate,

344 891 392 962 Ut
407 888 568 964 celebrem
586 889 672 963 festo
688 889 799 983 signet
816 888 944 962 honore
961 889 1059 962 diem.

295 1005 512 1080 Mandantem
530 1004 682 1106 amplecti
703 1005 862 1105 cupiunt,
882 1023 916 1082 et
933 1005 1070 1080 brechia
1086 1006 1247 1081 tendunt:
1287 1047 1291 1057 ·
1318 1027 1366 1098 475

343 1122 488 1198 Lubrica
506 1139 703 1224 prensantes
721 1119 841 1214 effugit
855 1119 976 1194 umbra
992 1149 1121 1196 manus.

293 1240 344 1312 Ut
359 1267 471 1313 seeum
486 1239 620 1334 fugiens
636 1265 774 1312 somnos
790 1234 930 1309 abduxit
950 1235 1059 1331 imago
1072 1265 1081 1325 ;

343 1354 399 1428 Ad
415 1381 526 1450 regern
542 1381 642 1428 voces
657 1352 770 1428 fratris
788 1368 929 1452 uterque
945 1349 1066 1424 lerunt.

295 1469 462 1546 Romulus
481 1468 695 1569 obsequitur,
716 1465 890 1566 lucemque
909 1466 1068 1540 Remuria
1085 1465 1169 1540 dixit

343 1584 458 1672 lllam,
478 1614 543 1685 qua
558 1583 681 1685 positis
694 1582 784 1683 justa
801 1582 956 1656 seruntur
973 1582 1053 1657 avis.
1322 1603 1369 1670 ιιι)

293 1705 422 1802 Aspera
437 1720 564 1776 mutata
581 1719 633 1775 est
648 1701 685 1774 iu
699 1699 808 1774 lenem
827 1716 977 1800 ternpore
994 1699 1099 1796 longo

344 1819 475 1906 litera,
492 1847 566 1919 que
584 1835 657 1892 toto
674 1817 811 1891 nomine
829 1817 937 1918 prima
954 1817 1028 1890 fuit.

294 1939 378 2012 Mox
396 1937 493 2011 etiam
511 1939 669 2010 Lemures
686 1935 814 2008 animas
832 1934 942 2009 dixere
960 1933 1136 2025 silentum;

344 2056 377 2127 ls
395 2054 488 2128 verbi
506 2079 643 2139 sensus,
660 2050 711 2124 ris
727 2078 766 2124 ea
783 2051 874 2124 vocis
889 2071 968 2126 erat.

294 2171 384 2244 Fano
404 2188 512 2242 tamen
529 2185 656 2241 veteres
670 2164 738 2239 illis
754 2165 900 2241 elausere
918 2166 1057 2255 diebus;
1321 2191 1368 2260 485

346 2287 393 2357 Ut
411 2313 500 2357 nunc
516 2281 609 2357 ferali
627 2299 776 2382 tempore
794 2300 908 2384 opertu
924 2281 1026 2356 vides.

295 2406 365 2477 Nec
381 2402 488 2476 viduae
506 2401 600 2475 tedis
619 2400 751 2489 eadem,
770 2425 831 2473 nec
848 2399 987 2495 virginis
1004 2416 1082 2499 apta

292 2601 388 2658 fundit.
404 2631 438 2642 -
448 2603 579 2669 Qualis.
592 2619 666 2669 eque
675 2617 770 2668 magna
779 2617 809 2652 ee
857 2615 933 2668 quse,
955 2619 968 2642 α
982 2617 1031 2651 eeu
1043 2597 1132 2651 sumus
1148 2597 1176 2651 in
1190 2617 1266 2654 aures
1279 2597 1368 2656 com-

293 2685 322 2740 in
333 2704 376 2737 me
388 2693 442 2738 est:
455 2682 547 2735 Heius.
564 2679 667 2734 volebat
680 2679 808 2748 aliquan·
858 2698 871 2724 ν
886 2677 982 2730 mixtus
996 2687 1107 2744 tenues,
1129 2675 1203 2746 fugit.
1220 2699 1232 2724 ιι
1248 2679 1288 2733 lbi
1302 2699 1368 2733 unu,

293 2762 345 2826 do,
361 2764 396 2813 ah
411 2763 511 2828 qualis,
530 2768 574 2810 aut
584 2768 626 2810 at.
645 2759 744 2814 autdt.
762 2766 808 2809 aut
856 2755 913 2809 eod.
931 2755 999 2808 male
1015 2766 1187 2823 pressurum,
1209 2768 1238 2811 ut
1251 2758 1301 2813 boe
1313 2759 1368 2814 loto

293 2836 409 2908 denique
421 2858 453 2890 en
465 2839 557 2904 qualis.
568 2833 750 2906 -Larrymns
762 2831 807 2886 dat
855 2846 909 2890 tres
916 2848 1068 2904 pressantes.
1089 2833 1185 2890 Noster
1198 2839 1223 2891 X
1238 2837 1305 2892 Met.
1319 2841 1366 2907 58,

292 2925 320 2974 ιἰι
331 2937 405 2984 rem,
420 2917 465 2985 qui
478 2934 536 2970 eam
555 2914 676 2987 lacrymis
687 2913 739 2968 suis
756 2913 807 2966 bo·
856 2916 889 2969 de
911 2915 1006 2970 eodem
1026 2915 1157 2985 Orpheo:
1174 2937 1187 2962 s
1204 2917 1367 2988 Braelrieque

292 3007 387 3051 nestat.
399 2993 488 3065 Vulgo
500 2993 588 3047 editur
599 3012 605 3046 :
615 2997 743 3063 lacrymas
749 3011 807 3043 ma·
857 3017 871 3042 ιι
884 2995 1026 3050 intendens
1041 2995 1187 3066 prendique
1201 3009 1228 3052 et
1237 2999 1367 3069 prendere

291 3079 366 3129 nidus
374 3079 418 3127 ille
427 3071 808 3138 dedit-Honoresicamsw·
858 3097 871 3122 ιι
886 3085 1007 3144 captans,
1027 3074 1071 3128 Nil
1083 3075 1132 3129 nisi
1144 3075 1268 3130 cedentes
1280 3078 1368 3132 infelix

294 3153 366 3206 mule
377 3147 805 3220 exquisita,bonestnreffllinius,
857 3155 978 3224 »arripit
996 3175 1077 3210 auras.
1094 3179 1107 3202 u
1127 3155 1277 3212 cedentem
1291 3170 1318 3213 ei
1329 3159 1367 3212 su.

295 3234 333 3299 V,
347 3231 395 3300 Ep.
409 3246 437 3293 1,
453 3249 479 3282 ιι
495 3248 501 3280 z
515 3251 528 3272 a
540 3225 639 3280 factum
651 3245 743 3280 meum
756 3247 808 3279 ιιο-
856 3234 893 3286 mi
902 3235 983 3288 instar
996 3244 1078 3288 taetus
1088 3233 1234 3305 lugientem
1247 3239 1367 3290 lubricam

293 3311 367 3364 »bili
389 3309 491 3362 bonore
508 3307 626 3376 signavit
648 3330 660 3352 »ι
679 3306 808 3360 Similiter
856 3322 1022 3366 nnntvorat.

292 3409 387 3463 paneg.
397 3403 482 3462 xxur,
497 3405 524 3452 r:
534 3383 657 3438 «honore
664 3385 807 3438 nominum
889 3393 945 3460 477.
964 3389 1045 3442 Multi
1058 3389 1131 3444 MSS
1148 3393 1260 3460 Visaque
1271 3391 1366 3459 consu-

295 3495 309 3518 »
323 3471 460 3539 signare.»
481 3465 553 3534 Ergo
572 3476 598 3518 et
611 3484 685 3519 nunc
697 3483 805 3532 sensus,
853 3471 934 3534 aiens.
943 3471 1080 3528 -Posr'li,
1099 3468 1143 3536 qui
1159 3487 1225 3522 vers.
1238 3469 1287 3536 425
1299 3489 1366 3522 com·

293 3549 366 3606 bunc
378 3547 509 3599 honorem
523 3543 585 3596 huie
595 3543 646 3596 diei
659 3543 767 3608 habent,
777 3553 807 3595 ut
850 3551 933 3613 positi
941 3546 1236 3600 dicuntum-Lemures
1245 3547 1274 3600 in
1281 3548 1366 3618 glossis

292 3645 356 3682 eum
364 3625 459 3678 festum
468 3640 523 3676 esse
530 3620 628 3690 jubeat.
640 3619 759 3672 Honoris
770 3619 803 3672 il·
856 3623 1146 3698 esplioentursnxrrpusae'
1155 3627 1364 3692 desperes-Fa·

291 3705 341 3759 lius
357 3703 497 3757 notionem
517 3698 635 3770 pluribus
651 3697 736 3750 verbis
755 3717 806 3751 ex·
854 3718 890 3751 na
900 3703 1083 3754 claudebantur
1094 3700 1228 3755 Feralibus
1243 3721 1363 3772 quoque;

290 3781 399 3854 pressit;
412 3798 499 3849 neque
518 3795 582 3830 vero
599 3788 657 3844 est,
675 3795 722 3829 cur
732 3774 807 3843 sesto
855 3778 947 3832 confer
959 3780 1002 3843 ll,
1015 3779 1070 3831 563.

289 3863 368 3934 primi
383 3857 552 3914 Ambrosiam
561 3868 587 3910 et
598 3856 661 3911 Leti
671 3853 749 3910 codd.
760 3875 806 3908 au·
888 3858 943 3924 487.
955 3857 1007 3910 llic
1016 3876 1120 3927 quoque
1130 3877 1186 3912 mos
1198 3859 1328 3914 Lemni-iis
1339 3869 1365 3912 et

289 3941 411 3996 ctoritate
423 3938 450 3991 in
464 3946 550 3991 nostro
562 3946 704 3988 mutemus.
854 3936 989 3990 Feralibus
995 3936 1204 4004 communisdl,
1213 3942 1268 4006 557.
1279 3939 1364 3992 Etiam

323 4017 381 4086 476.
392 4016 480 4069 Etiam
490 4014 562 4085 Virg.
570 4014 666 4084 Georg.
676 4011 726 4078 lV,
739 4015 785 4066 501
796 4051 804 4080 ,
855 4015 1027 4081 Plutarchus,
1041 4015 1142 4084 Quest.
1151 4014 1266 4070 Romen.
1274 4035 1298 4086 p.
1309 4019 1363 4086 147,

290 4092 402 4163 Orphea
419 4091 547 4146 inducit«
561 4102 731 4160 prensantem
748 4109 805 4144 ne·
853 4091 986 4160 solvil,
1000 4103 1107 4157 narret,
1125 4111 1216 4148 mense
1228 4093 1365 4148 Maionon

289 4195 303 4220 ιι
318 4172 464 4243 quidquam
478 4171 584 4226 umbras
605 4194 619 4221 s
639 4169 802 4243 Eurydices,
852 4169 925 4225 facile
938 4171 1109 4224 matrimonia
1123 4170 1263 4239 contrahi,
1279 4170 1365 4226 sedin
