3025 5009
435 475 489 543 IN
512 473 698 545 OVIDII
722 475 936 544 FASTOS.
1153 475 1217 562 461

149 617 215 714 (tle
236 613 360 716 quibus
376 614 485 690 sosius
502 615 612 708 infra)
636 632 669 688 et
693 614 735 689 ad
757 614 908 689 eumdem
924 643 1064 716 prorsus
1086 615 1253 690 modum·

150 743 186 814 in
205 741 265 827 iis,
285 768 371 840 quos
385 739 426 812 F
422 740 521 814 ulvius
535 739 691 824 Nobilrbr,
710 739 848 814 Catonis
863 737 999 839 aequalis
1015 757 1049 812 et
1064 741 1166 814 Ennii
1179 740 1228 812 la-

149 863 290 940 miliaris
306 863 342 937 in
360 863 428 938 ade
445 862 600 937 Herculis
609 879 643 935 ct
651 863 898 938 Musarumase
908 863 1043 938 condita
1058 865 1101 959 (1²
1101 881 1163 937 ast.
1176 865 1226 937 Vl

150 987 188 1062 in
203 987 291 1086 fine)
309 1005 483 1089 posuerat,
505 985 670 1088 simulque
680 987 775 1062 brevi
789 987 1004 1061 annotatione
1022 987 1148 1087 adjecta
1163 1016 1228 1060 no·

150 1110 300 1186 minibus
331 1111 500 1212 rebusque
525 1110 672 1212 antiquis
696 1109 900 1212 explicandis
921 1137 1056 1210 operam
1080 1108 1226 1183 dederat.

150 1235 303 1316 Macrob.
318 1237 351 1324 l,
365 1253 437 1323 ΧΠ,
460 1233 523 1322 13,
540 1235 598 1335 qui
609 1235 738 1309 Maium
752 1252 786 1307 et
796 1235 937 1307 lunium
951 1233 998 1307 ibi
1011 1261 1030 1307 a
1044 1231 1227 1331 majoribus

151 1355 291 1432 derivari
311 1355 430 1444 tradit,
451 1359 537 1445 etl,
559 1357 624 1446 13,
643 1357 684 1431 de
701 1356 949 1434 intercalatione
962 1356 1051 1432 baud
1066 1355 1167 1432 dubie
1186 1356 1228 1431 ad

148 1480 284 1556 eosdem
301 1480 420 1554 Fastos
434 1480 579 1581 respicit.
593 1480 791 1556 laudantur
808 1473 908 1556 iidem
924 1509 944 1555 a
963 1481 1127 1556 Charisio.

200 1600 422 1677 Peculiarium
439 1621 550 1678 autem
567 1602 730 1679 librorum
744 1605 821 1679 data
835 1633 936 1707 opera
948 1605 984 1678 in
1000 1605 1108 1679 Fastis
1125 1603 1231 1707 expli·

149 1725 265 1798 caudis
282 1725 483 1800 versantium
500 1724 614 1828 plures
631 1746 785 1804 auctores
801 1727 982 1816 babemus,
1003 1756 1145 1829 quorum
1163 1757 1229 1801 no-

150 1848 262 1924 titiam
284 1849 466 1952 prasertim
492 1851 669 1926 Macrobio
690 1869 723 1927 et
741 1854 842 1927 Festo
866 1851 1085 1941 debebamus,
1104 1850 1230 1953 quibus

150 2001 244 2048 nnnc
268 1974 470 2050 Laurentius
494 1975 609 2078 Lydus
625 1975 760 2051 accedit.
782 2019 823 2033 -
842 1978 974 2074 Agmen
990 2003 1121 2064 eorum,
1141 2002 1229 2076 quos

151 2097 329 2188 novimus,
346 2098 439 2172 ducit
450 2128 572 2174 nomen
589 2101 627 2174 in
641 2101 811 2178 historicis
826 2119 859 2177 et
874 2101 1072 2202 antiquariis
1086 2099 1231 2174 celeber-

152 2221 276 2296 rimum
295 2219 419 2296 &iscius
433 2224 614 2299 Abinentus
623 2253 637 2309 ;
656 2242 736 2326 post
751 2254 828 2300 eum
844 2253 931 2326 saepe
947 2222 1101 2298 laudatur
1112 2223 1149 2296 in
1164 2223 1231 2296 hoc

151 2342 255 2418 etiam
273 2345 409 2441 genere,
426 2345 588 2420 Maeonias
602 2345 753 2434 Sabinas,
779 2347 1015 2422 celeberrimus
1031 2345 1087 2420 ille
1102 2348 1229 2433 tetus,

152 2484 191 2542 et
208 2495 282 2568 quae
297 2468 472 2570 utriusque
488 2470 661 2571 scriptoris
677 2487 810 2546 exstant
824 2470 1026 2567 fragmenta,
1045 2490 1117 2545 tum
1137 2469 1231 2573 quod

152 2591 199 2665 ad
216 2591 375 2666 Ovidium
396 2593 579 2669 arctissime
600 2593 789 2696 pertinent,
807 2611 879 2669 tum
897 2575 943 2669 ob
958 2593 1075 2694 judicii
1093 2620 1231 2668 acumen

152 2733 191 2792 et
199 2717 347 2792 criticam
362 2717 397 2790 in
413 2717 579 2793 veteribus
598 2716 788 2805 insolitam,
807 2717 935 2793 tumob
945 2716 1154 2818 antiquitatis
1168 2715 1233 2791 do-

154 2839 314 2928 ctrinam,
332 2839 452 2916 merito
469 2841 668 2918 desiderium
685 2844 808 2917 horum
822 2841 989 2917 librorum
1007 2841 1170 2940 injiciunt.
1188 2883 1229 2898 -

153 2963 264 3053 Fasti,
285 2992 372 3065 quos
396 2964 441 3039 L.
466 2965 590 3041 Cincr'rts
615 2966 796 3041 Abacum
815 2965 1029 3055 condiderat,
1053 2965 1150 3040 Fabii
1174 2965 1233 3040 Pi-

156 3089 261 3164 ctoris
278 3088 413 3190 aequalis
434 3089 524 3187 (vid.
542 3090 701 3165 Voss-de
716 3091 795 3165 hist.
811 3088 941 3179 latinis,
961 3119 995 3191 p.
1015 3089 1084 3190 25)
1101 3121 1119 3165 a
1134 3090 1232 3166 Livio

158 3243 246 3316 saepe
263 3212 433 3303 laudatus,
449 3231 483 3288 et
498 3242 624 3310 magna
637 3212 727 3314 apud
738 3242 814 3288 eum
826 3213 1033 3288 auctoritatis
1051 3213 1235 3315 prasertim

157 3337 195 3410 in
208 3337 310 3412 rebus
326 3337 521 3438 antiquariis
538 3342 583 3431 («
602 3336 765 3411 maximus
780 3356 928 3411 auctor»
949 3380 989 3392 -
1007 3355 1041 3410 et
1053 3336 1133 3411 alibi
1152 3367 1160 3410 :
1179 3338 1234 3409 di·
1306 3382 1309 3386 >

158 3461 268 3557 ligcns
284 3462 390 3536 lolium
407 3478 700 3535 monumentorum
716 3479 852 3550 auctor,
876 3462 937 3535 ubi
959 3462 999 3535 de
1021 3491 1104 3536 more
1122 3460 1235 3535 Volsi-

159 3585 326 3659 niensium
346 3585 475 3659 solemm'
492 3613 601 3659 sermo
618 3585 693 3684 est)
717 3603 797 3686 post
824 3585 1037 3660 Macrobium
1057 3588 1120 3681 (l,
1141 3609 1184 3657 12
1201 3601 1236 3658 et

158 3707 286 3806 alibi),
313 3728 346 3784 et
365 3709 500 3783 Festum
530 3708 620 3804 (vid.
640 3707 715 3782 lnd.
734 3709 770 3781 in
795 3708 846 3783 ed.
866 3709 1085 3808 Dacieriana)
1102 3737 1122 3782 a
1139 3708 1236 3809 Lydo

160 3832 363 3923 recitantur,
386 3832 447 3907 ubi
477 3831 563 3905 liber
587 3837 653 3931 περὶ
681 3841 787 3931 ἑορτῶν
810 3861 879 3906 non
906 3849 1019 3935 potest
1048 3861 1119 3906 non
1148 3831 1237 3905 idem

163 3984 245 4031 esse.
264 3957 431 4060 (Lydus,
449 3985 482 4058 p.
508 3983 556 4057 qo
573 3975 606 4030 et
631 3956 708 4030 125.
723 3959 739 4052 )
756 3955 866 4031 Effata
883 3956 955 4055 ejus
978 3956 1185 4057 antiquitatis
1203 3972 1237 4028 et

163 4079 287 4175 lingua
304 4080 450 4155 criticam
465 4082 636 4156 scientiam
652 4099 687 4156 et
699 4080 861 4181 judicium
877 4081 1053 4154 subactum
1071 4080 1235 4183 produnt,

165 4222 200 4278 et
214 4203 348 4297 multae,
366 4234 448 4308 quas
466 4205 609 4282 Ovidius
625 4205 760 4280 exbibet
777 4203 958 4306 sententias
974 4203 1012 4280 in
1029 4233 1065 4280 re
1083 4233 1143 4280 sua
1158 4201 1237 4276 illu-
