3025 5009
264 434 322 499 162

534 436 573 502 r.
606 436 794 531 ovrnrr
825 434 1055 505 nnsonrs

276 638 280 646 .
307 576 568 677 Contigeratque
583 604 670 650 nova
688 575 796 650 sideru
808 604 935 649 summa
952 604 1056 651 coma.

256 697 342 768 Ecce
357 722 450 768 meus
468 694 591 767 serrum
610 712 750 796 patruus
768 691 906 766 molitur
924 694 958 766 in
974 691 1072 781 illas;

304 813 447 885 Terreor
464 809 656 898 admonitu,
674 838 798 910 corque
817 810 936 882 timore
950 808 1059 882 micat.

255 928 397 1010 Martia,
415 926 533 1028 picus,
554 926 622 999 avis
639 923 771 1020 gemino
788 952 852 1024 pro
869 922 983 1023 stipite
1000 940 1172 1023 pugnant,

303 1046 349 1117 Et
366 1041 469 1143 lupa:
485 1058 557 1113 tuta
572 1069 634 1141 per
650 1040 714 1115 hos
732 1057 873 1141 utraque
890 1038 1001 1140 palma
1015 1040 1089 1114 luit.

255 1159 414 1233 Dixerat:
432 1174 465 1230 ct
480 1154 612 1257 plenam
631 1168 701 1230 non
718 1155 824 1229 firmis
839 1156 966 1230 viribus
984 1186 1100 1231 urnam

305 1273 471 1348 Sustulit:
489 1271 659 1373 implerat,
679 1272 758 1347 dum
775 1276 835 1346 sua
851 1273 920 1347 visa
937 1271 1048 1347 refert.

254 1396 383 1467 lnterca
400 1408 565 1466 crescente
582 1393 705 1478 Remo,
725 1407 891 1464 crescente
911 1389 1077 1485 Quirino,

304 1507 435 1583 Caelesti
453 1506 602 1581 tumidus
618 1507 767 1608 pondere
783 1524 898 1579 venter
914 1524 994 1579 erat.

254 1625 336 1723 Quo
354 1625 465 1699 minus
484 1624 629 1699 emeritis
647 1624 750 1697 exiret
767 1624 922 1698 cursibus
939 1652 1067 1712 annus,

303 1740 488 1814 Restabant
504 1739 614 1813 nitido
630 1738 696 1838 jam
714 1739 781 1812 duo
799 1739 894 1835 signa
911 1740 996 1812 Deo.

254 1855 355 1930 Silvia
371 1856 410 1930 lit
425 1876 551 1931 muter:
567 1858 676 1932 Vestae
694 1854 868 1930 simulacra
885 1854 1038 1929 lemntur

302 1972 476 2068 Virgineus
495 1972 600 2047 oculis
619 1972 821 2074 opposuisse
837 1998 966 2044 manus.

252 2090 319 2164 Ara
335 2091 416 2163 Deae
434 2108 520 2163 certe
538 2090 694 2175 tremuit,
712 2088 861 2189 pariente
877 2086 1047 2173 ministra;

302 2210 347 2280 Er
363 2206 469 2279 subiit
485 2207 611 2281 cineres
630 2206 744 2279 territa
762 2203 891 2277 llammn
910 2229 998 2275 suos.

256 2414 334 2467 &ma
345 2431 423 2472 nora,
432 2412 546 2477 vertice,
560 2410 698 2464 frondibus
706 2428 769 2463 rno-

254 2490 553 2556 donatis-Coenum
561 2508 659 2543 summa
665 2491 749 2540 sidera
756 2526 765 2550 ,

254 2579 299 2621 aut
310 2567 417 2634 celum,
431 2567 542 2619 omnino
557 2575 694 2635 augustam
705 2564 765 2618 nlti-

254 2647 375 2702 tudiuem
384 2646 505 2699 declarat.
519 2644 597 2713 Apud
612 2643 764 2713 Virgilium,

255 2724 353 2792 Georg.
367 2724 410 2787 ll,
430 2724 492 2788 427,
506 2720 643 2790 pomifero
660 2720 766 2773 arbores

253 2826 267 2850 a
281 2801 314 2855 ud
324 2801 410 2855 sidera
421 2799 516 2867 raptim
529 2798 660 2851 nituntur.
674 2816 687 2843 υ

285 2884 325 2936 35.
334 2878 541 2940 ΜοΙιῚιιτ,νὶΙ)ηῑ,
549 2876 767 2944 jaeraupreeuu-

251 2974 278 3016 to
291 2958 412 3029 Virgilio,
424 2958 520 3027 Georg.
529 2954 584 3021 lV,
598 2955 662 3020 321,
674 2974 687 2999 α
695 2954 766 3007 vuli-

253 3060 267 3087 »
282 3037 345 3091 dum
354 3038 381 3090 iu
390 3034 553 3089 ritesrnolire
562 3032 766 3101 bipennem.»-

253 3118 342 3171 Etiam
351 3122 433 3182 picus,
449 3123 478 3167 ut
492 3118 573 3178 lupus,
593 3112 674 3165 Marti
684 3130 766 3165 sacer.

254 3194 323 3249 Pliu.
336 3192 376 3257 X,
391 3210 423 3245 uo
437 3209 443 3243 :
456 3212 469 3235 α
485 3189 541 3243 Pici
554 3188 654 3242 Martio
664 3206 766 3259 cogno-

253 3294 268 3321 ιι
280 3280 374 3325 mento
384 3268 703 3338 insignesetinauspicatu
712 3288 765 3321 ma·

254 3371 269 3396 »
282 3348 336 3419 gui.
349 3368 363 3395 u
371 3374 405 3386 -
415 3348 455 3400 Ut
465 3350 526 3412 lupa
537 3346 655 3400 Romulo
664 3358 692 3400 et
704 3348 767 3402 Re·-

254 3446 299 3482 mo
307 3426 426 3496 expositis
438 3442 567 3479 memmae
577 3426 766 3495 praebebantur

249 3504 487 3576 pIcusfrequenter
499 3506 538 3557 ori
551 3523 644 3559 eornm
658 3508 767 3561 bucrcus

250 3585 392 3639 inserebat.
405 3582 474 3635 Vide
489 3602 554 3637 vers.
572 3587 621 3653 543
635 3584 767 3639 Plutarch.

253 3664 333 3717 Rom.
346 3664 396 3725 lV;
409 3660 511 3729 Quaest.
519 3663 598 3716 Rom.
607 3684 631 3733 p.
641 3664 768 3736 89.-S!e‘-

247 3748 318 3810 pile,
330 3742 439 3808 arbore,
453 3741 547 3809 palma.

285 3823 326 3888 4¹·
339 3822 485 3874 Romulum
496 3822 523 3874 in
539 3832 617 3875 utero
628 3820 682 3888 jam
699 3820 766 3885 Qui·-

250 3905 332 3953 rr'uum
340 3911 424 3955 vocat.
432 3928 464 3941 ·-
471 3900 669 3969 Repetitionem
679 3937 686 3965 ,
698 3916 767 3967 qua-

249 3980 280 4033 lis
292 3989 332 4031 est
342 3979 370 4031 in
383 3998 438 4031 voc.
449 3990 584 4038 crescente,
598 3987 669 4029 amat
683 3977 766 4031 otiam

250 4056 352 4119 Liuium
362 4057 414 4122 sic,
426 4055 470 4119 ll,
483 4060 512 4122 5,
527 4077 540 4102 a
550 4065 658 4119 vetuere
670 4052 763 4122 reddi,

248 4155 262 4181 »
274 4146 383 4188 vetuere
400 4135 429 4188 iu
443 4136 576 4203 publicum
591 4134 693 4204 redigi,
709 4156 723 4181 u
736 4146 764 4187 et

245 4212 537 4279 centies-Emeritos,
553 4213 599 4285 qui
608 4213 708 4267 mereri
720 4212 764 4267 de·

813 2408 873 2470 siit,
887 2424 936 2472 eo,
953 2404 1025 2475 quod
1037 2404 1097 2459 lieri
1114 2404 1242 2469 debebat,
1261 2426 1330 2475 per·
1375 2416 1381 2427 “

814 2484 900 2548 secto;
914 2503 995 2553 ergo,
1007 2484 1146 2537 absolutus.
1161 2483 1217 2547 IV,
1229 2484 1330 2537 688.-

814 2567 920 2618 Mtidus
930 2566 1017 2625 Deus,
1035 2562 1158 2616 Pboebus.
1166 2562 1258 2615 -Pro
1272 2565 1331 2615 Sa-

815 2650 858 2700 n'a
868 2643 969 2697 Moreti
977 2653 1005 2696 et
1017 2642 1113 2695 Franc·
1130 2644 1189 2693 Ilia.
1201 2669 1235 2681 -
1247 2644 1330 2695 Veste

813 2726 960 2777 simulacra.
973 2722 1111 2791 Scripsisse
1123 2720 1179 2773 brec
1192 2720 1272 2775 Ovid.
1284 2721 1330 2774 vi-

814 2801 909 2865 detur,
920 2818 975 2869 quo
990 2809 1110 2867 tempore
1126 2796 1250 2851 nondum
1261 2798 1332 2852 scic-

813 2880 874 2945 bat,
887 2879 915 2932 iu
926 2878 1014 2931 veste
1031 2875 1132 2947 templo
1149 2877 1253 2931 nullum
1272 2898 1329 2931 esse

813 2957 1000 3034 simulacrum,
1015 2955 1071 3022 Vl,
1093 2958 1142 3027 ²9⁵
1160 2975 1217 3025 sqq.
1234 2957 1329 3025 Neque

814 3048 872 3090 erat
883 3037 911 3089 in
920 3035 1023 3105 templis
1035 3035 1138 3104 graecis,
1149 3035 1262 3089 Pareae.
1275 3033 1330 3088 Co·

814 3114 896 3167 riutb.
907 3134 963 3183 cap.
976 3114 1016 3165 53.
1030 3112 1111 3166 Extra
1128 3112 1257 3180 templum
1274 3130 1328 3165 au-

814 3200 969 3243 temstatuae
976 3189 1001 3241 ei
1013 3188 1198 3258 ponebantnr;
1209 3188 1261 3241 vid.
1268 3188 1328 3259 Lip-

814 3269 867 3322 sius
879 3269 912 3322 de
925 3270 1020 3335 Vesta,
1033 3288 1089 3337 cop.
1097 3269 1161 3320 3.-
1174 3268 1329 3334 Opposursse

814 3366 913 3401 manus.
929 3348 1006 3402 Idem
1020 3347 1181 3418 figmentum
1193 3348 1251 3415 Vl,
1269 3346 1328 3414 614.

806 3424 944 3481 'Similiter
965 3428 1090 3481 Minerva
1109 3428 1199 3481 oculos
1215 3427 1327 3495 avertit,

815 3525 897 3575 quum
910 3508 938 3559 iu
950 3506 1050 3575 templo
1062 3506 1120 3575 ejus
1129 3507 1196 3573 Aiax
1205 3504 1326 3561 Causan-

815 3584 870 3640 drae
884 3586 939 3639 vim
957 3584 1086 3649 inferret3
1100 3586 1204 3655 Frogrn.
1222 3584 1328 3639 callim.

814 3686 840 3735 p.
852 3666 1102 3737 drp-Tremorm
1111 3674 1156 3717 aut
1163 3665 1274 3717 aliarum
1284 3684 1328 3719 re·

813 3762 876 3797 rum
892 3764 1026 3797 sacrarum
1045 3745 1151 3813 signum
1163 3743 1326 3813 praesentire,

814 3832 841 3875 et
852 3823 892 3875 vel
901 3824 961 3887 irae,
971 3823 1010 3875 vel
1019 3822 1210 3877 benevolentia
1222 3821 1328 3876 diviure.

815 3896 878 3953 vid,
888 3899 919 3951 ad
930 3900 971 3953 lX
984 3899 1098 3951 Metam.
1109 3900 1328 3968 781.-·Sudr'r'tci-

812 3996 899 4038 mes.
920 3978 1038 4048 adeoque
1054 3978 1122 4029 bene
1138 3978 1263 4031 exstincta
1280 3986 1327 4030 est.

813 4055 963 4111 Exstinctus
975 4058 1018 4110 ille
1025 4056 1093 4126 ignis
1104 4056 1161 4125 plus
1172 4056 1228 4110 aliis
1240 4056 1327 4127 prodi·

813 4135 861 4204 giis
876 4137 993 4189 terrebat
1006 4136 1108 4189 animos
1121 4136 1326 4201 Romanorum,

813 4212 869 4268 Liv.
875 4215 953 4267 XXV
956 4215 1009 4280 lll,
1025 4234 1064 4279 rr;
1075 4224 1194 4282 eratque,
1203 4232 1326 4269 monen-
