3025 5009
340 433 405 500 352
608 438 648 504 r.
686 417 870 508 ovrnri
898 441 1130 513 nnsonls

338 575 417 647 Non
434 573 520 661 sihi,
537 575 729 677 respondit,
749 576 849 654 silvas
869 580 1028 669 cessisse,
1048 584 1107 658 sed
1123 583 1264 678 hortos,
1346 608 1350 616 '

387 692 544 792 Arvaque
561 692 705 792 pugnaci
722 721 792 767 non
810 694 963 770 adeunda
978 698 1062 774 sera.

341 806 465 881 Omnia
481 805 632 882 finierat:
648 829 763 886 tennes
782 813 917 888 secessit
934 813 970 886 in
988 841 1109 889 auras:

389 925 518 998 Mansit
535 925 642 1013 odor;
660 956 777 1029 posses
792 929 874 1004 scire
890 930 994 1005 fnisse
1007 931 1112 1005 deam.

338 1040 471 1116 Floreat
486 1059 526 1115 ut
546 1061 618 1118 toto
636 1071 768 1119 carmen
786 1047 930 1121 Nasonis
947 1048 983 1120 in
1000 1076 1092 1136 avo,

389 1159 537 1261 Sparge,
555 1187 691 1260 precor,
711 1161 809 1238 donis
823 1182 958 1265 pectora
975 1183 1090 1240 nostra
1110 1165 1188 1240 tuis.

338 1276 462 1350 Nocre
478 1275 589 1352 minus
607 1295 726 1377 quarta
743 1298 875 1379 promet
893 1311 952 1356 sna
969 1282 1078 1356 sidera
1094 1283 1223 1358 Chiron

389 1391 547 1479 Semivir,
567 1410 601 1466 et
617 1392 693 1466 llari
710 1424 850 1496 corpore
865 1399 991 1471 mixtus
1010 1399 1097 1498 equi.
1368 1421 1414 1476 too

338 1511 456 1585 Pelion
474 1512 655 1586 Haemoniae
672 1539 771 1588 mons
786 1530 839 1587 est
854 1512 1015 1588 obversus
1033 1513 1068 1586 in
1083 1514 1248 1602 Austros;

366 1723 371 1731 Ι
389 1628 525 1701 Summa
542 1629 650 1701 sirent
667 1629 771 1729 pinu3
791 1646 905 1702 caetera
924 1657 1067 1730 quercus
1081 1629 1193 1704 hahet.

336 1793 545 1846 leone-Silaos
554 1796 678 1854 cessisse,
691 1801 723 1845 ut
734 1793 776 1846 lV
786 1791 854 1847 Met.
904 1795 990 1849 tendit
1001 1798 1091 1849 Pclr'ou
1105 1797 1281 1863 umbrosum,
1302 1797 1330 1850 in
1343 1799 1414 1868 cujus

339 1873 406 1939 532,
427 1873 554 1941 Neptuno
567 1878 687 1940 proxima
698 1877 761 1928 caelo
777 1880 858 1928 cesse?
903 1874 966 1942 jugo
978 1873 1067 1928 medio
1079 1884 1179 1928 aarum
1190 1874 1285 1929 haheat
1294 1875 1413 1944 Chiron,

334 1962 502 2023 potestas-
517 1951 595 2003 Flora
613 1957 855 2005 lennessccessr'lrie
895 1951 1058 2017 justissimus
1079 1951 1299 2021 Centaurorum,
1323 1957 1414 2024 quiet

337 2050 433 2091 auras,
453 2041 482 2082 ut
498 2030 539 2083 lX
552 2029 737 2099 AEneid.657,
757 2028 854 2099 Apollo
903 2031 1002 2085 morbis
1022 2031 1146 2087 sanandis
1169 2052 1279 2104 operam
1303 2034 1367 2105 det,
1389 2047 1415 2090 et

337 2117 364 2163 r'u
375 2119 474 2163 tenuem
485 2129 518 2161 et
528 2111 610 2162 oculis
627 2115 852 2174 evanueramus
902 2127 964 2162 mox
974 2109 1101 2164 citharam
1116 2111 1208 2164 Phoebi
1221 2113 1342 2181 pulsans,
1356 2132 1414 2167 mos

338 2198 383 2254 et,
394 2199 425 2242 nt
437 2188 548 2241 dearum
555 2204 638 2240 come
646 2196 785 2240 auttotum
794 2205 853 2241 eor·
900 2185 1060 2256 phorminga
1078 2187 1227 2255 Mercurii,
1247 2191 1339 2245 vicinis
1359 2193 1414 2259 jura

339 2287 388 2337 pus
400 2266 520 2320 divinum
528 2265 673 2335 quemdam
683 2265 796 2319 odorem
804 2265 854 2336 spi·
900 2265 1010 2333 reddat,
1023 2266 1205 2338 Achillemque
1217 2288 1333 2339 puerum
1344 2271 1414 2325 edu-

340 2365 399 2398 rare
410 2343 531 2398 sciebant
543 2383 551 2409 ,
563 2345 600 2398 sic
613 2344 709 2410 Flora,
726 2344 801 2413 cujus
815 2344 854 2397 lo·
900 2344 1016 2398 candum
1028 2347 1165 2415 acceperit.
1177 2347 1226 2400 His
1237 2347 1314 2402 dictis
1325 2349 1415 2419 ingre-

339 2424 445 2494 quentis
461 2443 492 2476 ex
509 2441 556 2476 ore
571 2441 638 2477 rosae
651 2423 771 2490 exibant,
786 2442 853 2477 vers.
901 2419 1012 2475 diuntur
1024 2433 1139 2477 antrum.
1158 2424 1198 2477 lhi
1212 2443 1296 2494 prope
1316 2424 1414 2478 Chiro-

342 2498 710 2574 rqd,meritoflorumodorecs
717 2499 853 2570 reliquisse
901 2509 998 2574 uastat
1013 2499 1125 2554 Achilles
1136 2501 1312 2572 manibusque
1331 2503 1414 2575 lyram

340 2579 457 2648 fingitur.
469 2607 504 2618 -
514 2581 785 2649 manuscriptum
803 2597 854 2631 vo·
902 2579 994 2648 tangit.
1011 2578 1053 2632 De
1072 2577 1122 2632 hac
1138 2579 1245 2633 Achillis
1259 2580 1413 2634 educatione

339 2658 704 2728 tum,qniaomnia,quilsus
713 2657 762 2710 flos
772 2657 854 2710 tribui
901 2658 961 2712 vide
976 2659 1056 2712 etiarn
1072 2658 1262 2728 Apollonium,
1280 2660 1337 2728 lV,
1352 2663 1414 2724 dms

339 2739 420 2804 solet,
435 2737 514 2806 hujus
533 2735 714 2790 dessartinis
736 2735 854 2803 subjecta
901 2735 1049 2790 Pindarum
1067 2737 1101 2790 N.
1120 2737 1183 2803 lll,
1204 2741 1234 2807 75
1250 2757 1316 2807 sqq;
1337 2749 1365 2793 et
1383 2737 1413 2792 de

338 2815 612 2871 sunt-BoneFlorss
617 2825 681 2868 sunt
687 2817 786 2868 deliciis
791 2825 854 2882 apta
900 2823 974 2866 antro
985 2811 1111 2867 Chironis
1119 2814 1146 2867 in
1156 2817 1228 2868 Pelso
1236 2826 1346 2883 monte,
1360 2815 1415 2870 Cal·

339 2915 405 2948 vers.
418 2896 486 2963 3343
503 2894 617 2947 Lennius
634 2892 779 2961 juvenilem
796 2890 853 2944 llo-
901 2889 1060 2957 limachum‚
1070 2892 1163 2964 hymn.
1172 2892 1231 2947 Del.
1244 2897 1415 2960 roh—losti-

339 2992 399 3027 rem
410 2984 438 3026 et
447 2972 565 3042 rigorem
576 2971 706 3040 intelligit.
900 2973 963 3020 teum
976 2967 1159 3036 ejusosidius
1172 2969 1222 3024 hoc
1236 2969 1295 3023 loco
1307 2971 1348 3024 his
1361 2971 1416 3023 lau-

379 3052 506 3123 379-414.
535 3052 563 3102 V
575 3052 723 3110 Nonarum,
740 3051 796 3100 sr'se
813 3049 855 3099 die
901 3043 963 3111 dat,
979 3064 1058 3100 verss.
1073 3047 1123 3112 384
1141 3057 1168 3099 et
1182 3047 1238 3114 413.
1256 3049 1320 3101 Non
1336 3049 1414 3118 igitur

339 3135 427 3190 tertio,
443 3132 581 3181 staturus
589 3133 676 3181 oritur.
685 3127 750 3195 Eius
761 3125 853 3180 sideris
900 3133 957 3176 erat
973 3143 1021 3178 eur
1036 3123 1162 3177 Heinsius
1176 3135 1202 3178 et
1217 3144 1283 3178 vers.
1295 3126 1361 3199 379,
1373 3133 1415 3179 ssi-

340 3204 852 3276 origonarratur,uthie,itaetath-
900 3201 1413 3273 uusinpiusmutarirellet,quamquam

341 3285 420 3352 ginm
438 3284 538 3337 Poetic.
550 3284 660 3338 Astron.
674 3285 721 3349 ll,
735 3284 777 3338 ³8.
790 3283 853 3336 Fuit
903 3277 1004 3334 Chiron
1014 3280 1082 3351 apud
1093 3280 1212 3351 Euripid.
1221 3283 1344 3352 lphiqen.
1355 3285 1413 3338 Aul.

342 3361 444 3416 Chiron
460 3361 613 3415 Centaurus
628 3373 748 3430 tempore
760 3361 853 3430 Argo·
901 3359 950 3430 926
960 3399 966 3426 ,
976 3359 1071 3428 abipso
1079 3359 1181 3414 Achille
1190 3365 1350 3424 ἒυσεέἰστατκ
1360 3365 1413 3440 inip

340 3451 497 3507 nautarum,
513 3441 662 3510 multosque
676 3441 773 3493 artium
786 3458 853 3492 sua·
900 3447 1016 3503 vocatur,
1028 3448 1106 3506 atque
1118 3437 1188 3508 apud
1200 3439 1342 3510 Hyginum
1350 3440 1412 3496 -ditt

340 3540 402 3584 rum
421 3520 512 3574 hahuit
533 3517 692 3587 discipulos,
714 3519 742 3571 in
758 3508 852 3587 qirihus
900 3513 993 3568 locem
1006 3517 1068 3568 Non
1080 3515 1161 3569 modo
1171 3528 1280 3571 ceteros
1294 3517 1413 3574 Centau-

341 3601 472 3665 Achillen
486 3598 613 3653 Clemens
625 3599 699 3653 Alex.
710 3599 810 3653 Strom.
824 3599 850 3664 l,
902 3616 915 3642 a
928 3615 987 3662 ros,
999 3595 1045 3649 sed
1061 3596 1183 3651 homines
1196 3617 1303 3667 quoque
1315 3601 1414 3668 justitia

339 3703 365 3752 p.
376 3681 550 3734 (ilic-Nam
560 3683 644 3731 maus
655 3686 761 3746 pratia,
773 3686 852 3729 nocte
902 3695 915 3720 u
927 3693 1078 3743 superasse,
1096 3685 1154 3728 turn
1171 3675 1266 3745 pietate
1281 3697 1330 3730 sua
1344 3678 1412 3732 effe-

341 3760 418 3814 tertia
430 3779 446 3812 a
455 3756 592 3813 Kalendis.
603 3786 636 3797 -
646 3759 765 3819 affiniori,
779 3766 807 3809 et
824 3756 851 3809 ll
902 3775 916 3799 u
927 3754 990 3807 cisse
1000 3765 1031 3806 ut
1043 3755 1113 3807 inter
1119 3765 1187 3808 astra
1195 3768 1411 3810 numeraretur.»

339 3834 634 3903 Metam.633semser;
646 3834 705 3888 alihi
718 3835 799 3888 etiam
809 3852 853 3900 {e-
900 3859 933 3872 -
941 3833 993 3886 Pro
1001 3836 1117 3886 obversus
1126 3831 1300 3887 Sacrarianns
1308 3846 1337 3888 et
1345 3855 1412 3890 unus

340 3921 422 3968 mrim
432 3927 460 3969 et
471 3915 587 3983 discernis
602 3923 711 3966 vocatur
723 3914 758 3966 oh
772 3923 853 3966 natu·
901 3910 1153 3970 Heinsiicosoersus.
1163 3913 1412 3968 unusannusffl

340 4013 398 4048 ram
412 3993 619 4048 Centaurorum.
631 3993 718 4059 Deleo
729 4003 769 4047 est
780 3993 852 4046 locus
900 3993 1018 4043 obversus
1028 3989 1097 4042 hene
1109 4009 1136 4042 se
1148 3990 1242 4054 haben
1260 3991 1330 4046 Xlll
1346 3993 1411 4046 Met.

340 4074 458 4127 classicus
474 4085 501 4126 ct
521 4073 554 4125 ad
573 4072 629 4126 haec
643 4083 734 4126 nostra
747 4070 853 4124 intelli-
902 4073 967 4137 725,
985 4071 1090 4122 obversa
1100 4070 1236 4140 Pachynos
1246 4071 1286 4122 ad
1294 4072 1410 4126 Austros.

340 4150 427 4218 ganda
437 4150 584 4219 aptissimus
594 4149 697 4219 Orphei
708 4150 736 4202 in
750 4149 851 4218 Argon.
865 4157 878 4186 Ν
900 4149 1006 4201 -Tum
1020 4147 1131 4201 Heinsio
1145 4167 1176 4201 ex
1189 4167 1245 4201 uno
1258 4169 1308 4202 suo
1320 4160 1348 4204 et
1358 4169 1417 4204 uno,

340 4233 389 4296 375
401 4248 457 4299 sqq.
472 4229 512 4284 lhi
524 4229 620 4284 Peleus
632 4228 794 4300 Argonautis
808 4246 853 4282 os-
902 4225 1026 4282 Medireo
1039 4231 1106 4282 vr'rel
1115 4227 1265 4297 placet,·ut
1280 4229 1314 4282 sit
1325 4229 1412 4298 greci-
