3025 5009
269 492 330 537 ror
548 473 588 538 P.
616 474 798 542 OVIDII
822 473 1052 557 NASONIS

263 612 343 685 llaec
361 610 427 685 suit
443 610 500 686 illa
516 613 606 703 dies,
626 615 661 688 in
680 646 745 717 qua
763 618 964 693 Veientibus
981 621 1068 695 arvis
1294 648 1342 717 ιφ

313 729 380 801 Ter
397 748 529 805 centum
549 732 644 806 Fabii
661 752 713 809 ter
729 735 875 810 cecidere
893 734 972 809 duo.

263 844 340 919 Una
359 846 478 923 domus
496 848 581 923 vires
597 868 630 923 ct
646 880 732 927 onus
747 869 938 954 susceperat
954 850 1068 925 urbis:

290 991 292 999 ¹
310 966 457 1040 Sumunt
473 967 614 1063 gentiles
631 1000 720 1045 arma
736 970 888 1073 professa
904 996 1032 1042 manus.

260 1082 440 1177 Egreditur
457 1088 573 1161 matris
586 1087 682 1163 miles
700 1115 882 1185 generosus
899 1086 941 1159 ab
960 1084 1088 1173 isdem3

276 1294 280 1301 .
311 1200 341 1271 Ε
360 1204 436 1299 quis
453 1202 520 1276 dux
537 1204 607 1278 fieri
626 1203 770 1306 quilibet
787 1220 885 1307 aptus
901 1218 982 1277 erat.
1289 1240 1342 1276 ιω

262 1313 449 1390 Carmentis
466 1337 572 1418 portae
588 1320 705 1395 dextro
719 1320 771 1395 via
787 1320 940 1422 proxima
954 1321 1042 1393 Jauo
1059 1335 1119 1394 eat.

260 1530 316 1563 uno
324 1512 419 1577 verbo,
430 1511 562 1567 discernit.
570 1514 660 1568 Altera
668 1516 775 1569 Fauna·
825 1537 905 1588 gnem
916 1517 955 1570 rei
968 1516 1032 1569 nulli
1044 1513 1153 1585 agenda
1165 1514 1256 1574 [ecisse
1268 1528 1341 1572 vete·

259 1588 294 1641 lia
305 1588 389 1643 Nonis
400 1589 541 1647 Decembr.
555 1593 715 1662 agebantur,
729 1612 776 1646 ea-
823 1614 874 1647 res.
884 1621 919 1634 -
929 1594 1002 1647 Tum
1015 1593 1137 1645 dubitant
1151 1593 1234 1661 lntpr.
1247 1605 1339 1648 utrum

260 1684 312 1735 que
325 1668 419 1721 Horat.
429 1669 484 1733 lll,
498 1667 552 1721 Od.
568 1671 614 1734 18,
627 1669 775 1723 celebravit
823 1672 891 1725 arvis
909 1690 944 1725 an
960 1675 1041 1724 arnis
1058 1670 1164 1741 legant,
1186 1688 1249 1723 nam
1264 1670 1340 1727 MSS

296 1750 350 1817 195.
361 1744 401 1797 De
411 1745 671 1799 bocdirbrbrumcum
685 1750 775 1799 Veien-
823 1760 936 1817 utroque
954 1748 1083 1815 trabunt,
1100 1748 1188 1817 plures
1204 1760 1291 1803 tamen
1305 1748 1339 1803 ad

259 1826 327 1875 tr'bus
339 1823 407 1876 bello
417 1823 509 1878 confer
518 1824 628 1899 Dionys.
639 1824 773 1877 Halicarn.
824 1829 910 1876 ames.
918 1850 953 1863 —
963 1826 1055 1897 Veritas
1066 1842 1115 1893 pro
1126 1818 1298 1890 Veientibus,
1309 1834 1341 1877 ut

262 1901 313 1966 IX,
328 1906 425 1965 15·aa;
435 1902 489 1955 Liv.
499 1903 537 1968 ll,
546 1906 632 1969 48-50
639 1924 646 1967 ς
654 1902 775 1968 Florum,
824 1904 954 1963 lamus,
964 1894 1152 1968 Laurentium,
1161 1904 1250 1963 dedas.
1259 1904 1341 1956 Maa-

261 1978 284 2041 l,
298 1999 324 2030 rr
334 1999 340 2041 ;
352 1978 530 2047 sitium,vtt,
541 1971 791 2053 392qq;Gettium,“
823 2002 882 2043 ms,
900 1983 1026 2050 Indicus,
1042 1984 1186 2037 Mauricus.
1203 1981 1341 2037 Ceterum

262 2060 339 2115 Nou.
354 2060 409 2113 An.
422 2062 522 2127 XVII,
537 2084 576 2115 ar.
589 2063 710 2131 Namque
723 2065 775 2117 An.
823 2059 893 2114 banc
909 2062 1090 2114 narrationem
1109 2061 1207 2115 Noster
1222 2081 1340 2114 eaor-na-

259 2160 285 2192 u.
297 2159 320 2193 o
329 2144 393 2209 275,
407 2160 490 2211 quum
501 2141 599 2195 Veiens
605 2142 704 2195 bellum
711 2141 776 2197 adri·
823 2138 1095 2208 vitaimilitudinibus,
1104 2140 1273 2211 apostropha,
1279 2160 1343 2195 aen-

260 2216 314 2271 duo
330 2218 429 2287 magis,
446 2236 525 2286 quam
540 2238 637 2288 magno
654 2218 776 2288 praesidio
823 2220 920 2273 tentiis.

260 2308 366 2366 egeret,
380 2300 463 2351 Facta
475 2318 539 2365 geas
552 2298 578 2350 id
589 2298 643 2353 sola
654 2300 776 2367 suscepit.
860 2316 913 2368 ¹97·
932 2300 1011 2351 Vires.
1025 2297 1106 2351 Unus
1117 2296 1236 2351 Patavin.
1248 2316 1339 2359 ems,

260 2378 310 2429 See
321 2386 348 2429 et
359 2384 482 2430 trecentos
492 2376 602 2443 milites,
617 2396 710 2431 omnes
723 2396 776 2446 pa-
823 2375 895 2445 quod
912 2376 1007 2429 uum.
1025 2376 1108 2429 verbo
1120 2385 1268 2443 susceperat
1279 2394 1339 2429 rne-

261 2454 362 2521 tricios,
377 2473 470 2509 omnes
482 2456 561 2511 unius
573 2457 674 2526 gentis,
689 2456 776 2509 Roma
823 2452 872 2506 lius
883 2454 1026 2507 convenire
1039 2452 1185 2507 videbatur.
1201 2454 1237 2507 Et
1251 2454 1342 2508 Livius

258 2552 313 2587 esse
327 2531 475 2601 profectos,
489 2553 634 2604 omnesque
652 2534 684 2587 ad
700 2532 775 2587 Cre-
823 2531 894 2587 dicto
914 2532 971 2587 loco
985 2533 1012 2585 id
1028 2534 1201 2603 comprobare
1214 2534 1340 2602 videtur,

260 2630 448 2667 meramensos
459 2613 639 2667 aVeientibus
650 2623 775 2667 constan·
823 2612 990 2665 «Familiam
1009 2630 1092 2665 unam
1106 2613 1215 2667 subiisse
1228 2613 1341 2667 civitatis

261 2703 303 2745 tcr
314 2703 417 2745 veteres
430 2692 548 2745 tradunt.
561 2692 672 2764 Dionys.
686 2692 774 2758 addit,
825 2710 841 2737 a
850 2708 931 2743 orest
943 2689 1044 2744 Veiens
1057 2691 1157 2743 bellum
1169 2692 1196 2743 iu
1209 2692 1340 2760 privatam

259 2768 307 2823 bos
318 2789 409 2824 seeum
422 2770 539 2824 eduxisse
555 2782 671 2839 quatuor
680 2770 775 2823 bonai-
823 2790 838 2816 a
848 2788 935 2821 curan
947 2788 1060 2823 versum.
1068 2770 1146 2824 »sed
1156 2781 1184 2825 et
1192 2776 1260 2824 aeres
1269 2772 1298 2823 in
1310 2792 1340 2824 re

260 2864 326 2899 num
341 2846 436 2912 millia,
450 2866 566 2916 quorum
579 2844 685 2915 plurimi
694 2845 776 2899 clieu-
821 2847 913 2901 bellica
920 2848 957 2901 sic
967 2849 1102 2902 usitatum.
1112 2848 1181 2908 Vlll
1190 2848 1303 2903 Metam.
1313 2872 1337 2921 7,

260 2936 299 2978 tes
311 2936 337 2978 ct
346 2926 447 2979 sodales
458 2926 565 2979 suerint.
578 2924 632 2980 Sed
643 2926 670 2978 in
683 2923 775 2994 primia
822 2945 836 2969 «
850 2925 1049 2996 Pretenmqoe
1055 2928 1096 2980 sui
1102 2927 1170 2981 vires
1177 2926 1316 2982 Mavortis.
1325 2950 1339 2975 υ

261 3005 294 3058 de
306 3005 354 3058 bae.
363 3025 391 3058 re
402 3006 528 3075 legendus
538 3007 658 3061 Perizou.
669 3006 695 3058 in
705 3004 775 3058 Ani·
822 3003 878 3059 Liv.
891 3008 974 3073 xxi,
987 3026 1036 3078 29,
1050 3028 1064 3055 e
1077 3026 1210 3077 nusquam
1223 3019 1286 3062 ante
1299 3010 1338 3062 li-

260 3082 330 3137 mad.
343 3084 412 3137 llist.
422 3103 476 3152 cap.
487 3089 518 3149 5,
531 3084 576 3136 ubi
589 3084 720 3147 ostendit,
730 3082 776 3134 illo
823 3103 838 3128 ι·
849 3084 916 3137 batis
927 3086 1040 3152 viribus,
1054 3108 1070 3133 a
1082 3098 1110 3139 et
1122 3089 1165 3153 ll,
1179 3091 1228 3160 ⁴9,
1243 3087 1277 3140 de
1288 3088 1342 3143 boc

261 3164 439 3230 temporaria
452 3164 574 3216 omniurn
589 3164 709 3233 gentium
725 3182 775 3231 pa-
821 3164 879 3233 ipso
891 3163 976 3231 bello,
994 3185 1010 3212 ο(
1023 3167 1102 3220 unius
1117 3167 1222 3221 familie
1240 3169 1342 3223 vitibus

259 3240 396 3293 triciarum
415 3251 454 3293 tot
473 3242 542 3295 viros
557 3242 635 3295 fuisse
654 3240 774 3293 militaris
823 3262 838 3290 a
850 3244 961 3296 Veienti
977 3246 1076 3314 populo
1089 3256 1192 3314 pestem
1203 3244 1340 3299 minitan-

258 3318 355 3383 eutis,
365 3318 465 3371 nedum
477 3321 554 3373 unius
562 3321 647 3389 gentis
658 3342 665 3381 ;
677 3338 775 3375 consu-
824 3341 840 3367 »
850 3330 920 3373 tes.»
929 3348 962 3362 -
973 3321 1113 3390 Ptosessae,
1126 3340 1187 3392 quo
1196 3340 1225 3375 se
1236 3325 1341 3392 prorni-

258 3396 773 3466 laresFabios,MarcumetCaesonem,
821 3408 911 3451 serant
922 3410 1064 3451 sumtum

258 3476 307 3529 sibi
323 3477 445 3531 sumsisse
462 3476 512 3531 boc
532 3477 647 3545 bellum,
669 3488 696 3531 et
710 3496 774 3531 vere
858 3495 913 3549 ¹99
923 3477 1339 3531 wrmhnnmtneetttomam

259 3566 392 3609 trecentos
403 3574 447 3610 sea
458 3554 490 3609 ad
498 3556 562 3609 illud
573 3556 707 3623 eduxisse,
718 3576 773 3610 non
822 3554 921 3623 ipsam,
936 3555 1079 3609 antioceno
1087 3566 1150 3609 ante
1160 3555 1229 3609 sedes
1238 3573 1338 3609 oonsu-

258 3636 370 3705 plures,
390 3654 477 3705 neque
501 3645 591 3688 tamen
613 3634 662 3689 bor
679 3654 774 3689 omnes
822 3632 860 3685 lis.
868 3632 958 3685 lrnmo
966 3632 1339 3699 cademdomus,t‘amiliaea·

258 3714 370 3783 gentiles
376 3713 507 3779 sum,sed
520 3715 660 3767 maximam
670 3726 774 3784 partem
822 3712 885 3765 dem
896 3712 971 3765 intel.
981 3740 1015 3753 -
1027 3714 1088 3765 Isna
1102 3715 1210 3771 donas,
1228 3715 1339 3777 {estates

258 3790 367 3845 clientes
381 3811 388 3845 ς
402 3790 459 3845 illos
476 3803 566 3845 tamen
586 3810 679 3845 omnes
694 3792 774 3861 vulgo
821 3808 925 3849 nasas.
934 3792 1131 3850 eudemum,
1144 3786 1269 3841 eamdem
1278 3804 1339 3841 rem

258 3866 341 3921 dictos
354 3888 408 3921 esse
421 3870 533 3937 Fabios,
551 3870 612 3939 quia
625 3869 698 3924 Fabii
716 3868 774 3922 bel-
822 3879 926 3937 argent
940 3868 1028 3921 Etiam
1038 3868 1116 3920 Lim·
1125 3885 1241 3935 quorum
1250 3866 1339 3919 aemi-

257 3945 314 3999 lum
334 3946 363 3999 in
377 3948 595 4016 'se'recepirsent
617 3946 774 4003 Secundum
822 3964 914 3999 auem
935 3946 1031 3999 ducem
1053 3956 1191 4014 sperneret
1215 3944 1339 4014 egregius

258 4022 314 4077 Ltv.
328 4024 385 4090 Vl,
403 4045 410 4077 ι
423 4064 430 4091 ,
443 4025 469 4076 id
482 4044 536 4078 non
547 4028 635 4079 Idibus
646 4026 772 4081 Februar.
821 4046 838 4073 a
849 4024 1009 4094 quibuslibet
1020 4024 1183 4092 temporibus
1195 4033 1311 4076 senatus.
1322 4044 1338 4069 ι

258 4100 359 4153 sactum
369 4140 376 4169 ,
387 4099 431 4154 sed
443 4103 584 4155 antediem
596 4104 646 4157 XV
657 4104 772 4157 Kalend.
820 4104 867 4157 sic
877 4113 905 4155 et
915 4102 1078 4155 Siliuse-De
1087 4105 1178 4163 Jam's,
1190 4100 1244 4154 scii.
1253 4110 1338 4153 maus·

258 4178 387 4246 Sextiles,
402 4198 456 4249 quo
475 4180 517 4234 die
535 4180 660 4237 etiamad
675 4182 772 4241 Alliam
820 4179 946 4233 itionibus
962 4180 1070 4247 perviis,
1092 4189 1119 4231 et
1135 4178 1237 4246 templis
1254 4177 1336 4241 Jaui,

255 4257 325 4317 sude
341 4270 489 4331 pugnaturn
501 4260 535 4314 sit
546 4298 554 4328 ,
574 4279 690 4329 eumque
701 4260 772 4313 iusi-
822 4259 851 4325 1,
866 4263 922 4326 ²⁵7·
935 4286 970 4299 —
980 4258 1071 4313 Etiam
1082 4260 1249 4311 struem&
1259 4266 1338 4325 porta
