3025 5009
300 472 341 535 28
572 474 611 539 Ρ.
641 473 827 543 OVIDII
857 472 1093 545 NASONIS

343 606 389 679 Et
405 634 516 682 resera
532 628 618 684 nutu
636 611 777 688 candida
795 613 918 715 templa
935 632 1005 689 tuo.
1055 598 1057 601 ¹
1342 656 1378 708 5⁰

293 721 459 822 Prospera
474 721 532 797 lux
550 726 679 801 oritur:
695 727 886 831 linguisque
904 729 1090 829 animisque
1106 727 1211 801 favete
1225 756 1233 816 ;
1344 778 1347 784 ,

345 838 445 911 Nunc
462 838 711 937 dicendabono
729 862 810 917 sunt
825 843 916 918 bona
931 845 1034 919 verba
1051 843 1114 917 die.
1221 888 1226 897 ·

296 951 371 1026 Lite
387 973 503 1028 vacent
517 984 631 1045 aures;
653 959 836 1062 insanaque
851 961 1010 1061 protinus
1023 959 1137 1034 absint

346 1069 464 1165 turgia
480 1100 488 1142 :
504 1070 602 1159 differ
619 1101 724 1175 opus,
743 1074 843 1150 livida
861 1075 993 1171 lingua,
1011 1093 1116 1149 tunm.

299 1184 437 1275 Cernis,
457 1186 605 1262 odoratis
622 1207 660 1263 ut
678 1188 788 1266 luceat
801 1191 942 1287 ignibus
958 1190 1079 1277 estber,
1343 1212 1379 1283 75

291 1361 498 1426 populusautern
509 1362 815 1427 Qurirbifflurmannus
863 1358 1382 1431 sulesmagistratumiuibant-Liaegsrs

278 1461 281 1470 ν
297 1436 405 1505 conjicit
418 1442 471 1500 tui,
486 1436 564 1493 idest
579 1476 586 1503 ,
604 1438 643 1491 tui
658 1438 771 1505 Martis,
785 1448 816 1491 ut
856 1439 962 1508 serere,
974 1442 1208 1510 ingeminabam
1215 1442 1383 1493 verbodicere

297 1526 325 1568 et
340 1525 428 1585 patres
442 1526 469 1569 et
483 1516 594 1587 pupulus
610 1518 721 1584 Martis,
734 1517 761 1571 id
777 1527 816 1570 est
865 1516 1075 1582 uendiderunt,
1090 1516 1227 1585 Tibullus,
1240 1518 1336 1585 ll,11,
1352 1537 1382 1585 1,

298 1594 454 1659 Romanus,
471 1596 565 1649 sintin
578 1596 660 1649 tutela
675 1596 746 1650 Jani.
760 1595 817 1648 As·
866 1619 880 1643 «ι
892 1596 1020 1649 Dicamus
1034 1596 1104 1649 bona
1119 1594 1213 1662 verba,
1229 1596 1304 1649 venit
1319 1596 1384 1650 Na·-

297 1674 413 1727 sentitur
421 1674 556 1727 Teubner.
569 1675 628 1743 Ipse
636 1674 722 1727 Janus
733 1674 817 1727 dictus
867 1698 881 1722 u
893 1676 964 1742 talis,
975 1673 1009 1727 ad
1019 1694 1090 1739 aras,
1100 1673 1229 1744 Quisquis
1237 1674 1315 1740 ades,
1328 1673 1386 1725 lin-

298 1760 339 1805 est
352 1754 484 1818 Quirinus,
502 1750 581 1820 idque
590 1751 639 1804 suit
648 1770 749 1803 nornen
760 1751 817 1817 ejus
866 1774 881 1799 a
895 1772 959 1821 gua,
972 1752 1012 1805 vir
1020 1752 1258 1821 mulierque,save.
1267 1750 1381 1805 »-Ka-

298 1828 468 1898 religiosum,
482 1829 650 1895 Macrobius,
666 1829 721 1883 Sat.
736 1830 767 1895 l,
783 1849 815 1901 9,
865 1830 1386 1886 lendisJanuariisboraoerdasuntlaetae

301 1930 315 1955 α
329 1910 361 1963 ln
376 1909 454 1961 saeris
468 1909 620 1961 invocamus
633 1909 734 1961 Janum
747 1907 819 1975 Qui-
865 1910 1046 1980 precatiorses3
1064 1908 1184 1978 Plinius,
1205 1910 1306 1964 ilistor.
1321 1909 1386 1962 Nat.

302 2006 315 2031 s
327 1984 416 2037 riuum
426 1985 515 2053 ,quasi
523 1984 653 2039 bellorum
662 1994 815 2055 potentem,
868 1989 1007 2056 XXVlll,
1021 2011 1054 2054 s,
1068 1988 1217 2042 «Primum
1232 1989 1295 2041 anni
1310 1987 1386 2041 iuci-

303 2084 316 2107 o
328 2060 360 2114 ab
374 2061 464 2129 basta,
478 2082 558 2132 quiam
567 2063 658 2118 Sabini
670 2063 756 2117 curirn
768 2079 819 2116 ro·
869 2090 884 2115 »
896 2064 1139 2137 pientisdiemlsstis
1146 2065 1340 2135 precationibus
1346 2066 1387 2117 in·

306 2162 318 2187 τι
331 2151 401 2195 cant.
410 2164 423 2187 »
439 2141 528 2211 Atque
540 2144 576 2195 ita
588 2152 616 2195 et
625 2162 639 2196 a
649 2142 821 2213 scriptoribus
870 2168 884 2193 s
897 2146 982 2199 vicem
991 2145 1106 2199 faustum
1119 2146 1301 2198 ominamur.»
1313 2144 1389 2197 Nos·

305 2220 391 2275 roeari
408 2220 492 2287 solet,
511 2233 540 2276 ut
558 2222 590 2275 ab
610 2222 741 2288 Horatio,
761 2220 819 2285 lV,
869 2235 912 2277 ter
922 2236 1012 2278 tamen
1028 2225 1105 2279 latius
1117 2224 1194 2291 dixit,
1214 2235 1292 2292 atque
1304 2220 1388 2276 etiam

304 2296 358 2351 Od.
372 2314 421 2363 xv,
431 2318 456 2370 9.
468 2298 613 2353 Suetonius
626 2300 695 2371 Aug.
707 2320 739 2352 ns
749 2338 757 2365 ,
769 2300 823 2351 Ja-
870 2302 975 2369 litibus,
989 2302 1098 2373 jurgio,
1111 2301 1226 2371 maligne
1241 2298 1317 2352 dictis
1330 2317 1389 2368 op-

305 2395 364 2429 ime
381 2380 512 2444 Quirinum
525 2386 565 2432 ier
579 2383 662 2431 clusit.
682 2378 775 2445 ltaque
795 2386 823 2429 et
872 2380 975 2452 posuit,
995 2385 1144 2448 animisque.
1160 2380 1222 2433 Hoc
1238 2377 1312 2430 idem
1329 2387 1389 2444 est,

305 2474 378 2509 nunc
385 2454 453 2510 forte
461 2457 512 2526 legi
519 2457 599 2526 possit
609 2460 721 2523 (inirrire,
731 2472 822 2525 quern·
872 2457 943 2527 quod
955 2458 1071 2522 Seneca,
1086 2455 1137 2525 Ep.
1147 2457 1189 2526 87,
1199 2453 1372 2508 commendat
1382 2494 1391 2520 ,

309 2531 454 2585 admodum
468 2534 520 2587 XV
534 2536 645 2589 Metam.
658 2536 782 2587 dlisvers
794 2533 824 2586 iu
874 2558 888 2582 s
901 2556 1003 2589 annum
1021 2536 1137 2589 faustum
1153 2545 1181 2587 et
1198 2534 1301 2588 felicem
1318 2532 1392 2586 red-

308 2609 379 2665 bunc
386 2610 472 2681 ipsum
483 2612 592 2666 vocatis.
605 2612 708 2666 desinit.
719 2610 825 2678 Quam·
875 2635 889 2660 υ
902 2613 995 2667 damus
1012 2613 1089 2667 bonis
1106 2612 1343 2683 cogitationibus.»
1356 2640 1394 2651 —

308 2706 389 2756 quam
403 2690 567 2745 correctione
574 2691 623 2745 ¹vix
635 2710 701 2761 opus
712 2709 767 2744 esse
779 2690 826 2742 vi-
874 2694 964 2745 Bms
973 2691 1029 2746 dies
1041 2702 1080 2745 est
1092 2690 1207 2758 faustus,
1221 2702 1253 2744 ut
1263 2711 1330 2745 vers.
1341 2694 1393 2760 87,

311 2766 407 2835 detur,
420 2769 501 2823 modo
515 2770 571 2825 haec
583 2772 620 2825 sie
630 2771 769 2840 capiantur
781 2787 787 2820 ι
799 2777 827 2820 et
875 2775 1032 2824 metrordres.
1042 2770 1352 2824 PlacuernntsibiGraeci
1364 2782 1395 2823 et

312 2847 430 2916 patribus
438 2850 489 2904 tuis
497 2861 524 2904 et
532 2851 629 2921 populo
639 2862 685 2905 tuo
693 2850 826 2904 Romano.
876 2850 964 2904 Latini
983 2851 1010 2903 in
1027 2849 1071 2903 tali
1090 2849 1250 2918 repetitione
1269 2848 1396 2917 ejusdem

311 2922 356 2977 Sic
368 2934 395 2977 et
404 2924 532 2979 Krebsius
542 2926 622 2997 accipi
632 2926 722 2981 voluit.
730 2924 828 2977 -Ka-
875 2928 966 2984 verbi:
976 2927 1037 2983 vide
1049 2929 1082 2982 ad
1095 2929 1136 2983 lll
1150 2928 1262 2982 Metam.
1273 2928 1397 2982 Boe-In·

311 3002 396 3056 leudis
406 3004 540 3060 Januariis
555 3007 653 3077 templa
671 3005 737 3061 adiri
753 3004 828 3058 sole-
876 3010 1046 3077 snuaybrgie.
1065 3007 1200 3075 Tibullus,
1217 3009 1259 3061 lll
1272 3048 1279 3074 ,
1293 3023 1326 3074 r,
1344 3008 1393 3076 13,

313 3079 398 3143 b²¹¹lt
417 3081 481 3135 Jani
503 3084 633 3155 templum
651 3102 685 3137 eo
706 3094 827 3151 tempore
876 3094 975 3141 insane
990 3088 1236 3155 meditantesjurgia
1251 3090 1397 3153 lingue.—

314 3168 371 3212 erat
383 3158 516 3227 clausum
529 3164 616 3232 itaque
626 3161 739 3217 Ovidius
749 3160 776 3213 id
786 3160 830 3212 in·
879 3166 942 3219 Non
952 3165 1053 3235 pergit:
1066 3165 1151 3217 absint
1165 3163 1292 3217 invidiose
1303 3161 1375 3217 dicta
1386 3205 1394 3231 ,
1419 3228 1422 3231 ἢ

313 3236 432 3291 troituris
444 3238 476 3291 ab
487 3240 544 3309 ipso
554 3240 615 3292 Deo
626 3244 735 3291 reserari
742 3236 829 3306 cupit,
877 3242 924 3296 sed
930 3253 1002 3313 grata
1009 3242 1180 3295 conversione
1188 3242 1321 3295 utitnr:di
1342 3259 1398 3292 er...

315 3331 372 3367 non
389 3332 490 3381 manu,
510 3314 572 3382 sed,
590 3326 621 3368 ut
632 3314 723 3367 Deum
738 3314 829 3379 demi,
878 3319 1148 3387 tuum-Exquisitius
1154 3321 1392 3384 estlirriialirgua,

315 3392 540 3445 nutu-Candida
550 3401 659 3462 possunt
670 3390 769 3461 templa
779 3388 832 3443 dici
880 3416 976 3468 quam,
989 3396 1060 3467 quod
1071 3397 1178 3466 plurimi
1188 3396 1288 3451 habent
1296 3435 1304 3462 ,
1312 3398 1399 3449 Iiri'da

317 3487 332 3521 a
345 3485 495 3535 marmore,
511 3479 556 3521 aut
571 3468 683 3521 omuino
696 3487 711 3520 a
722 3466 832 3519 materia
879 3478 960 3528 turta,

317 3544 437 3601 candida·
447 3546 488 3599 lli
496 3546 538 3601 lll
547 3547 626 3601 Trltl·
634 3562 659 3613 1,
667 3546 833 3613 bostaadida
915 3558 953 3622 75
963 3552 1091 3606 Kalendis
1100 3553 1162 3606 Jan·
1172 3562 1226 3606 1012
1234 3552 1323 3605 Roma
1330 3554 1397 3605 reli-

318 3630 412 3693 templa
424 3625 561 3695 Apollinis.
577 3625 631 3679 Sed
644 3644 718 3680 nunc
728 3634 834 3695 prestat
878 3633 996 3697 grauitas
1009 3640 1141 3699 occupata.
1150 3656 1183 3669 -
1192 3630 1314 3683 Odoraiis
1323 3633 1402 3696 igri-

317 3708 481 3779 intelligere,
495 3726 552 3777 quoe
568 3708 647 3777 plena
661 3718 724 3763 sunt
739 3706 834 3761 homi-
881 3712 942 3770 dus,
956 3708 1017 3777 quia
1026 3718 1081 3773 tus,
1095 3706 1164 3760 croci
1175 3704 1240 3772 llos,
1254 3706 1400 3759 cinnamo-

319 3787 397 3841 nibm
403 3786 515 3841 eandida
523 3796 594 3841 veste
601 3786 709 3842 indutis.
718 3784 834 3840 Candidi
882 3806 958 3840 mum
967 3798 993 3839 et
1002 3786 1068 3839 casia
1076 3786 1148 3854 injici
1157 3784 1294 3848 solebant;
1308 3783 1403 3837 Tibul·

319 3865 394 3918 enirn
404 3866 499 3919 coloris
514 3884 575 3919 usus
591 3883 662 3918 noro
678 3882 764 3928 anno;
781 3881 835 3933 quo
883 3862 987 3929 lus,ll,
997 3878 1035 3927 u,
1048 3863 1081 3928 3,
1091 3861 1403 3929 «Uranturpiaturalm

320 3950 441 4011 tempore
452 3944 526 3999 Nero
541 3944 622 3997 etiam
637 3942 758 4012 stragulis
772 3940 836 3995 albis
885 3962 899 3988 s
911 3943 960 4003 cis,
974 3951 1087 3993 urantur
1097 3938 1209 4005 odores,
1226 3937 1306 4007 Quos
1323 3950 1405 3992 tener

322 4021 453 4075 utebatur.
466 4022 577 4075 Sueton.
590 4026 632 4076 50.
885 4042 900 4068 »r
912 4040 927 4073 c
939 4030 1010 4073 terra
1020 4016 1100 4069 divite
1112 4017 1195 4069 mittit
1208 4017 1308 4082 Arabs,
1324 4037 1337 4062 υ
1356 4016 1406 4069 ubi

356 4100 448 4169 71-86.
466 4103 593 4155 Solemnis
608 4106 669 4156 aori
685 4106 752 4154 erni
767 4097 837 4169 apud
885 4097 936 4152 rid.
954 4096 1084 4168 Heynius.
1100 4117 1113 4140 «
1128 4094 1264 4148 Pancbaeis
1275 4093 1406 4162 ignibus»

324 4179 467 4234 Romanos.
474 4178 708 4249 Operamdabant,
718 4179 838 4234 utsansta
886 4175 952 4227 dixit
963 4174 1037 4242 Virg.
1050 4171 1148 4241 Georg.
1161 4171 1212 4237 lV,
1225 4170 1407 4242 379.—Spiea

323 4254 753 4326 loquerentur,etsacrasaciebaut
761 4274 840 4321 ,con-
889 4254 1000 4316 Cilissa,
1018 4269 1109 4305 crocus
1119 4272 1127 4318 5
1139 4250 1219 4303 etiam
1232 4250 1409 4320 Propertius,
