3025 5009
412 443 715 514 rssrouuru
740 450 838 515 um.
869 451 947 516 111.
1054 503 1065 536 ,
1155 475 1220 548 207

145 581 260 656 Litore
279 580 402 672 dotali,
423 583 497 660 solo
513 586 692 662 comitatus
706 588 852 678 Achate,

192 698 363 773 Secretum
379 701 570 776 nudodum
586 703 671 803 pede
688 704 795 804 carpit
811 703 893 795 iter,

144 814 300 918 Adspicit
315 837 502 910 errantem,
519 849 581 895 nec
598 819 730 896 credere
746 823 891 898 sustinet
906 825 1039 899 Annam
1167 849 1218 904 605

190 935 276 1009 Esse
291 965 299 1008 :
314 935 396 1036 quid
413 937 446 1010 in
464 937 580 1014 Latios
597 937 655 1011 illa
670 939 797 1013 veniret
811 943 938 1036 agros?

142 1049 232 1124 Dum
248 1081 359 1126 secum
376 1053 518 1143 AEneas3
536 1057 634 1128 Anna
652 1073 721 1143 est,
740 1055 901 1130 exclamat
916 1057 1084 1134 Achates:

191 1169 247 1244 Ad
263 1198 387 1244 nomen
402 1171 516 1246 vultus
532 1170 672 1248 sustulit
687 1171 745 1245 illa
761 1201 853 1246 snos.

143 1282 223 1379 Quo
238 1284 370 1381 fngiat?
384 1287 464 1388 qnid
482 1291 584 1384 agat?
600 1317 688 1389 qnos
702 1303 797 1360 terrac
815 1305 941 1388 quaerat
956 1289 1096 1366 hiatus?

189 1400 279 1476 Ante
292 1402 410 1477 oculos
426 1405 553 1479 misera
568 1405 636 1478 lata
653 1402 782 1479 sororis
796 1421 901 1478 crant.
1169 1430 1220 1482 διο

143 1515 272 1604 Sensit,
290 1537 324 1592 et
340 1519 524 1622 alloquitur
540 1519 707 1623 trepidam
727 1520 924 1620 Cythereius
940 1522 1058 1614 heros3

139 1668 143 1673 ·
190 1630 266 1705 Flet
281 1651 391 1709 tamen
409 1634 584 1710 admonitu
600 1635 744 1723 mortis,
763 1633 891 1726 Elissa,
910 1654 984 1712 ture.
1022 1653 1025 1661 '

142 1749 259 1837 Anna,
276 1749 437 1852 perhanc
452 1753 549 1852 juro,
568 1781 668 1854 quum
686 1751 856 1853 quondam
873 1753 987 1828 audire
1004 1753 1136 1830 solebas
1178 1787 1181 1794 ·

188 1865 358 1942 Tellurem
373 1869 443 1944 fato
461 1870 674 1972 prosperiore
690 1869 762 1942 dari
775 1899 783 1958 ;

142 1983 271 2087 Perque
288 1987 382 2059 Deos
398 1987 556 2075 comites,
571 1986 634 2060 hac
648 2014 757 2087 nuper
773 1985 850 2060 sede
866 1983 1016 2077 locatos,
1169 2009 1220 2062 615

190 2099 285 2202 Saepe
301 2130 391 2176 meas
410 2101 488 2178 illos
505 2102 710 2203 increpuisse
728 2101 848 2175 mora's.

141 2214 210 2289 Nec
227 2217 324 2290 timui
338 2217 382 2292 de
399 2235 509 2291 morte
528 2233 658 2305 tamem
674 2234 785 2290 metus
800 2216 909 2290 abluit
925 2218 987 2297 istc
1003 2249 1010 2292 :

187 2334 252 2407 Hei
270 2333 373 2408 mihil
392 2333 546 2409 credibili
562 2333 683 2409 fortior
701 2333 758 2406 illa
774 2332 848 2408 huit.
870 2355 873 2360 ·

141 2449 189 2522 Ne
205 2447 295 2522 reler
309 2479 316 2521 :
331 2449 468 2552 adspexi
484 2477 553 2522 non
569 2449 629 2523 illo
643 2467 782 2551 pectore
800 2448 905 2546 digna

187 2565 356 2656 Vulnera,
374 2569 552 2642 Tartareas
568 2595 671 2642 ausus
688 2568 781 2642 adire
798 2567 928 2642 domos.
1168 2595 1219 2648 620

143 2766 156 2791 υ
167 2743 258 2809 liaret,
270 2763 306 2796 ne
317 2743 366 2797 sub
378 2741 474 2797 eodem
484 2743 542 2812 jure
550 2743 651 2811 solum,
703 2764 717 2790 ν
732 2743 843 2813 genibus
859 2741 1028 2814 lacrymantis
1046 2743 1113 2812 tuti,
1129 2745 1221 2802 Arrot-

142 2845 155 2867 κ
166 2821 211 2875 sed
222 2823 305 2876 etiarn
313 2822 422 2874 nomine
433 2833 536 2888 esseut,
546 2823 653 2877 Latinos
703 2843 716 2867 u
728 2821 765 2874 lit.
772 2819 862 2873 u-De
863 2824 929 2887 fletu
936 2820 1049 2874 heroum
1059 2820 1129 2875 haud
1138 2825 1216 2878 inde-

142 2920 155 2944 π
167 2909 309 2968 utramque
320 2909 427 2969 gentem
439 2898 584 2969 appellavit.
598 2922 653 2948 »—
702 2919 767 2954 coro
778 2898 838 2953 vide
849 2898 988 2971 Hcynium
1002 2899 1034 2952 ad
1046 2901 1108 2954 AEn.
1122 2902 1201 2976 ¹29²·

142 2978 213 3034 Cum
235 2980 293 3033 solo
313 2983 433 3040 Achate,
457 2980 554 3033 comite
574 2978 650 3044 fido,
733 2978 790 3032 613.
802 2976 905 3032 ltaliam
913 2977 1216 3050 circumloquitur,qure
1276 2987 1279 2992 '

140 3058 239 3114 AEneas
250 3060 368 3114 ambulat
378 3059 460 3113 etiam
473 3059 537 3112 AEn.
550 3060 562 3113 l
573 3099 580 3125 ,
593 3059 651 3112 312.
693 3055 756 3124 sato
768 3056 792 3109 ei
803 3054 949 3118 destinam
961 3055 1079 3110 imitatus
1090 3059 1219 3112 Nostrum

141 3138 219 3208 Apud
228 3139 325 3194 Silium
332 3160 370 3193 va.
379 3159 424 3210 71,
436 3140 545 3192 Annam
552 3139 652 3192 AEneas
701 3145 741 3189 cst
748 3134 828 3189 Silius
835 3147 902 3188 vers.
911 3137 973 3188 105:
984 3137 1140 3190 «Tellurem
1148 3137 1218 3194 hanc

139 3218 210 3273 ridet
220 3239 297 3273 sacro
304 3225 440 3274 coartatus
449 3221 515 3273 Iulo.
522 3245 556 3260 —
565 3222 646 3285 Quid,
701 3235 715 3260 υ
727 3214 804 3284 juro,
815 3224 875 3267 rota
885 3215 1218 3285 internostrafrequenter

138 3298 235 3352 scilieet
249 3308 360 3367 petens,
381 3316 436 3368 quo
455 3297 584 3364 consilio,
604 3315 652 3352 cur
702 3315 716 3340 »
728 3293 856 3348 Auditum
868 3293 1215 3363 rohten-mosomus,-

139 3382 241 3430 reur'm.
407 3416 409 3423 ,
642 3401 646 3418 ·
701 3370 836 3438 Penates,
856 3391 921 3440 quos
937 3391 1027 3428 secum
1039 3373 1122 3442 Troia
1135 3376 1216 3428 elatos

146 3463 149 3467 '
170 3453 351 3508 toesusrultr.
362 3451 435 3507 libri
446 3452 589 3524 permulti,
600 3461 654 3506 re!-
701 3449 778 3504 Latio
786 3450 876 3504 intulit
884 3473 890 3514 ς
899 3450 964 3506 AEn.
974 3452 1041 3516 l‚f›;
1052 3453 1117 3519 ΧΠ,
1129 3472 1216 3524 ¹9²·-

139 3538 197 3587 tulr't
208 3532 280 3602 quod
293 3533 393 3604 respuit
406 3533 585 3587 Burmannus.
596 3531 652 3585 Sed
700 3533 871 3599 latapetra,
882 3533 963 3602 signis
974 3534 1131 3601 quibusdam
1141 3534 1216 3588 datis.

140 3623 166 3665 et
173 3612 217 3666 lll
224 3611 337 3665 Metam.
345 3614 411 3679 245:
422 3633 437 3658 α
447 3611 491 3665 Ad
499 3629 600 3664 nomen
608 3628 652 3662 ca·
732 3611 790 3683 619.
809 3609 909 3664 AEneas
925 3629 1007 3679 quum
1023 3612 1050 3663 in
1063 3630 1155 3664 orcum
1167 3611 1217 3664 de-

141 3694 215 3762 i‘put
233 3692 276 3746 ille
294 3691 390 3755 πείρης
409 3713 423 3738 n
435 3690 542 3744 etinsra
555 3690 606 3755 lV,
618 3707 650 3742 a:
700 3692 862 3757 scendisset,
874 3692 910 3744 ibi
923 3692 1004 3744 etiam
1020 3691 1156 3744 Didonem
1173 3691 1215 3742 vi-

139 3777 177 3824 ad
186 3783 270 3825 autem
280 3774 367 3824 uultus
378 3773 474 3824 nunti!
483 3773 532 3821 r'tla
543 3788 651 3822 suos·
700 3771 739 3823 dit
751 3779 885 3823 recentem
898 3789 912 3820 a
924 3769 1051 3833 vulnere,
1069 3779 1095 3821 et
1107 3785 1168 3821 cum
1182 3787 1214 3822 ea

143 3851 212 3914 Quos
227 3861 299 3903 terre
316 3858 410 3917 quera!
425 3849 539 3902 marm?
554 3845 650 3913 Silius,
699 3847 843 3902 collocutus
859 3857 914 3909 est;
935 3845 998 3898 AEn.
1016 3846 1077 3912 Vl,
1095 3849 1143 3912 450
1156 3865 1213 3916 sqq.

141 3926 263 3992 mssa:
273 3923 400 3997 «Fugere
408 3925 521 3979 infixum
529 3936 585 3992 est,
596 3936 652 3978 ter-
700 3926 754 3982 sed
772 3925 890 3996 longiore
907 3926 1026 3978 oratione
1043 3927 1123 3979 Anna
1139 3946 1213 3982 nunc

141 4023 256 4076 »reque
274 4016 401 4074 optantur
423 4003 516 4058 hiatus.
530 4025 545 4051 υ
566 4004 652 4057 Aliter
700 4006 725 4058 el
737 4004 851 4058 Didonis
864 4003 916 4058 sata
929 4015 1020 4058 narrat
1031 4005 1100 4074 apud
1109 4005 1212 4058 Silium.

139 4079 194 4147 hac
205 4083 267 4137 ficta
279 4101 294 4136 a
305 4083 371 4137 Silio
381 4103 418 4136 rs.
434 4085 483 4153 733
498 4083 535 4135 ihi
551 4081 651 4134 AEneas
698 4109 733 4123 -
743 4085 800 4135 Non
812 4086 889 4150 dr'gna
903 4084 949 4133 r'Ilo
956 4092 1074 4148 mrtem,
1091 4101 1149 4151 quse
1163 4082 1212 4136 tale

141 4181 154 4206 κ
167 4172 245 4215 terrae
262 4160 375 4214 delitam
395 4161 510 4227 oculos,
523 4171 552 4214 et
567 4160 651 4213 multa
699 4171 790 4232 pectus
807 4179 864 4214 uon
882 4171 1036 4227 meruerat,
1060 4179 1143 4230 quum
1161 4161 1213 4213 tale
1295 4197 1297 4203 -

141 4259 154 4284 n
165 4240 327 4304 threaten,
346 4239 388 4294 Ac
409 4237 505 4293 deinde
527 4239 650 4307 allapsam
699 4248 790 4308 pectus
802 4238 940 4292 meliorem
955 4248 1055 4292 sortem
1067 4237 1213 4292 meruisset.
