3025 5009
428 457 492 552 ru
521 455 965 532 0v1n11rasr0s.
1173 457 1242 525 515

163 604 240 692 dio,
258 604 334 704 qui,
353 601 462 704 primo
476 601 568 676 bello
584 601 730 704 punico,
744 601 862 676 remin
873 599 984 676 Sicilia
1000 619 1192 696 gesserant,
1211 619 1246 676 et

162 721 301 796 alterum
317 719 368 794 vel
385 717 525 794 alterum
548 717 736 793 Mamertini
758 745 946 814 cognomen
972 717 1137 818 accepisse
1163 702 1242 820 opi-

167 845 300 902 nantur.
314 825 380 900 sed
395 825 535 915 dubito,
551 853 594 899 an
607 825 648 898 de
662 823 818 914 Valerio,
835 825 1052 926 cnjuspartes
1065 825 1100 898 in
1112 824 1175 898 lrac
1187 853 1246 899 ex-

165 942 334 1043 peditione
344 939 610 1028 secundaeerant,
626 955 660 1014 et
670 939 710 1014 dc
722 941 922 1037 cognomine
930 941 1026 1040 cujus
1036 937 1247 1014 nullumves·

168 1057 285 1152 tigium
299 1074 416 1142 exstat,
430 1055 569 1151 cogitari
581 1055 687 1146 liceat,
697 1085 802 1157 quum
812 1057 963 1158 inspecto
976 1054 1120 1158 Polybio
1128 1057 1180 1155 (l,
1196 1056 1245 1155 ι),

166 1176 221 1248 vix
237 1176 276 1249 de
292 1203 352 1261 eo,
370 1202 469 1275 quem
492 1173 636 1248 Ovidius
652 1173 780 1262 innuit,
800 1173 948 1250 dubitari
976 1191 1085 1276 queat.
1112 1174 1248 1278 Appius

167 1291 255 1364 enim
271 1289 433 1364 Claudius
449 1317 518 1362 non
538 1288 647 1363 solum
665 1288 827 1385 singulari
847 1287 1012 1366 celeritate
1030 1289 1172 1392 primam
1189 1319 1248 1365 ex-

166 1407 370 1508 peditionem
393 1404 552 1493 confecit,
574 1407 731 1480 Messana
753 1405 884 1506 expulit
905 1405 1197 1504 Carthaginienses
1215 1424 1249 1481 et

167 1524 352 1598 Hieronem
368 1521 586 1624 expugnavit,
605 1521 664 1596 secl
675 1538 708 1595 et
718 1540 837 1622 postea
848 1521 890 1596 ad
903 1522 1053 1626 exempla
1069 1526 1162 1600 navis
1175 1555 1249 1602 car-

167 1639 372 1736 thaginensis
384 1638 520 1713 classem
530 1638 709 1728 exstruxit,
723 1636 874 1740 prelium
885 1639 1001 1716 navale
1014 1641 1199 1730 commisit,
1214 1661 1249 1718 et

172 1753 318 1830 Candicis
327 1781 513 1852 cognomen
528 1754 605 1830 inde
622 1755 787 1831 invenisse
798 1755 923 1831 (licitur
934 1786 942 1829 ε
955 1757 1023 1831 rid.
1039 1757 1161 1860 Polyb.
1176 1756 1198 1832 l.
1217 1787 1247 1832 c.

49 1887 50 1892 ’
170 1873 289 1948 Nonne
306 1872 397 1948 hunc
414 1870 550 1947 titulum
567 1871 710 1946 Ovidius
727 1889 895 1974 spectasse
909 1874 1081 1976 putandus
1094 1875 1183 1950 erit?

402 2360 506 2405 11le
531 2361 774 2408 EXCURSUUM
796 2364 835 2408 IN
856 2364 1005 2412 rasio&
