3025 5009
433 425 1003 545 ruoviuurtsross
1160 473 1228 564 469
1353 565 1359 575 ,

149 639 362 703 censeamus,
381 615 443 692 ubi
469 605 597 692 eorum
610 617 645 690 in
670 617 796 692 ovidio
822 599 1020 719 explicando
1044 613 1098 689 vel
1119 643 1231 689 emen·

150 737 260 814 dando
279 755 393 840 partes
408 757 497 814 sunt.

199 861 292 940 Fasr.
313 861 343 936 Ι
345 919 355 948 ,
385 861 456 962 589
480 862 522 936 ad
545 862 575 936 d.
607 861 650 934 13
673 861 782 963 April.
809 861 952 936 Ovidius
973 859 1162 963 provincias
1186 858 1229 933 ab

151 983 337 1059 Octaviano
348 984 478 1088 populo
487 985 654 1074 redditas,
673 1002 708 1060 et
720 1012 907 1082 cognomen
915 983 1064 1081 Augusti
1077 983 1112 1056 in
1125 1010 1230 1058 unum

151 1107 369 1209 eumdemque
388 1108 475 1182 diem
491 1136 617 1209 ponere
635 1107 787 1183 videtur:

283 1263 452 1332 Redditaquc
466 1275 506 1317 est
518 1265 605 1318 omnis
620 1265 718 1335 populo
729 1265 866 1336 provincis
878 1275 984 1331 nostro,

337 1354 373 1408 Et
388 1366 449 1410 tuus
463 1355 584 1426 Augusto
596 1357 706 1409 nornine
720 1355 805 1411 dictus
818 1376 888 1411 arus

151 1497 347 1574 Tenendum
372 1498 407 1573 h.
437 1497 458 1572 l.
488 1499 580 1601 quod
607 1499 886 1597 diligentissimus
909 1501 1054 1602 quisque
1081 1517 1230 1575 veterum

151 1622 355 1723 scriptorum
379 1621 486 1696 lector
512 1622 649 1698 minime
675 1623 871 1720 ignorabit,
900 1651 987 1726 sepe
1013 1653 1073 1699 eos
1097 1652 1229 1710 rerum,

151 1747 241 1820 haud
258 1747 392 1847 quidem
410 1745 510 1820 simul
527 1765 713 1842 gestarum,
732 1747 793 1823 sed
808 1765 926 1822 mutua
943 1748 1073 1823 ratione
1091 1749 1232 1848 conjun-

121 1939 127 1960 ,
152 1889 298 1960 starum,
308 1871 449 1971 junctim
465 1873 670 1946 mentionem
686 1872 830 1972 injicere.
839 1875 890 1947 Ita
903 1873 1066 1962 Orosius,
1083 1875 1149 1961 VI,
1167 1899 1229 1961 πο,

152 2013 333 2097 postquam
350 1995 381 2069 d.
393 1996 476 2069 VIII
489 2011 566 2070 ante
578 1995 628 2069 Id.
642 1997 804 2072 Cursarem
817 1996 955 2072 rediisse
968 1996 1163 2098 scripserat,
1175 2024 1231 2070 eo-

155 2117 230 2192 dem
244 2117 297 2192 die
310 2146 387 2193 eum
398 2119 592 2214 Augustum
607 2117 852 2196 consalutatum
864 2147 952 2209 esse,
971 2119 1078 2208 addit,
1092 2120 1234 2219 conjun-

155 2268 238 2336 gens
246 2239 329 2314 duas
338 2268 460 2316 resase
470 2241 610 2314 invicem
618 2241 893 2342 pendentes,non
903 2243 1123 2318 simulsactns.
1144 2243 1234 2317 Pra-

155 2365 270 2440 sertim
281 2366 462 2442 Suetonius
476 2367 522 2440 ita
538 2393 624 2467 sape
638 2364 854 2467 explicandus
867 2386 928 2442 est.
943 2371 1021 2442 Hoc
1034 2368 1111 2443 loco
1129 2398 1233 2442 unum

156 2507 191 2564 et
199 2488 340 2563 alterum
353 2518 423 2566 nou
441 2519 510 2564 uno
525 2489 578 2564 die
591 2489 770 2586 contigisse
780 2491 847 2590 jam
857 2491 926 2564 Dio
938 2491 1119 2566 tradiderat
1131 2494 1212 2566 LIII
1223 2507 1246 2582 ,¹

161 2613 223 2704 tli;
241 2616 391 2690 scribens
401 2617 572 2718 „primum
585 2615 702 2692 habita
719 2615 761 2690 de
772 2615 959 2691 dividendis
975 2615 1155 2717 provinciis
1165 2644 1236 2691 ora·

157 2739 247 2814 tione
266 2768 398 2814 corone
416 2767 550 2841 quernae
570 2739 719 2815 honores
738 2740 773 2814 ei·
786 2741 959 2830 decretos,
985 2758 1102 2843 postea
1124 2757 1236 2814 autem

158 2891 258 2950 eum,
283 2863 441 2965 perfectis
466 2864 599 2941 demum
623 2863 685 2953 iis,
712 2892 787 2966 quc
812 2862 985 2966 pollicitus
1004 2863 1132 2950 luerat,
1160 2866 1237 2939 Au·

150 3000 276 3086 gustum
287 2985 413 3061 dictum
427 3015 498 3062 esse
512 3015 520 3060 :
532 2986 574 3061 ad
589 3016 689 3090 quem
702 2986 815 3061 locum
829 2987 896 3087 jam
908 2987 1074 3062 Reimarus
1089 2987 1235 3061 diversas

159 3113 350 3188 notationes
372 3111 587 3187 conciliatum
612 3112 681 3186 ivit.
709 3113 797 3186 Cum
817 3113 931 3188 Dione
953 3109 1001 3187 ita
1023 3111 1239 3187 statuendum
1333 3182 1337 3190 ,

160 3262 232 3309 esse
247 3236 385 3310 Verrius
401 3235 514 3323 docet,
533 3253 573 3310 ut
589 3236 621 3309 d.
642 3235 685 3308 13
701 3238 777 3309 Ian.
796 3265 929 3310 coronae
944 3265 1079 3338 quemn
1093 3236 1241 3311 honores

163 3357 209 3432 ob
226 3357 416 3459 provincias
432 3359 553 3434 divisas
567 3373 588 3447 ,'
603 3358 656 3433 die
679 3355 723 3432 16
741 3357 876 3434 demum
892 3359 1039 3455 Augusti
1055 3388 1241 3457 cognomen

165 3480 302 3556 traxisse
318 3480 532 3579 intelligatur.
550 3481 605 3556 Ad
623 3483 655 3557 d.
678 3481 721 3556 13
738 3481 789 3556 hae
806 3499 896 3558 uotae
911 3483 1042 3586 scriptu
1054 3502 1159 3561 sunt:
1180 3482 1245 3558 Co·

165 3631 242 3679 runa
251 3633 374 3707 quer...
388 3609 527 3706 August.
544 3633 662 3680 ouer...
674 3605 894 3682 Po..R..'Res.
910 3607 1003 3709 quod
1018 3607 1245 3708 supplendum

164 3727 375 3804 hauddubie
392 3757 460 3802 cum
477 3729 661 3830 Foggiuior
681 3729 806 3806 &runa
821 3757 938 3830 querna
956 3758 997 3804 ex
1014 3730 1049 3803 S.
1070 3731 1108 3804 C.
1130 3758 1247 3831 super·
1390 3716 1396 3733 Χ

166 3852 279 3954 posita
294 3869 345 3927 est
359 3851 474 3927 domui
486 3855 572 3953 Imp.
590 3853 673 3926 Cas.
690 3852 848 3952 Augusti,
869 3879 1017 3926 onerosas
1034 3852 1124 3953 quod
1139 3880 1180 3927 eo
1194 3853 1249 3927 die

167 3977 294 4078 recepit
320 3976 513 4078 provincias
533 3993 567 4050 et
587 3993 725 4077 pacatas·
742 3975 877 4077 Populo
898 3978 1051 4051 Romano
1076 3976 1248 4052 Restituit.

169 4097 236 4175 ad.
256 4099 289 4173 d.
312 4098 356 4172 ι6
370 4098 494 4195 legitur
504 4129 512 4173 :
524 4097 610 4200 Irup.
627 4097 741 4174 Cesar
754 4101 922 4201 Augustus
936 4114 982 4172 est
997 4100 1174 4201 appellatus
1184 4095 1253 4205 tirso

173 4239 229 4296 vlt
246 4237 278 4297 et
290 4223 441 4324 Agn'ppa
457 4221 530 4298 Cos.
549 4222 607 4324 qui
622 4249 730 4298 annus
747 4239 849 4298 estu.
866 4251 899 4298 c·
918 4248 936 4322 7
967 4249 999 4326 7.
