3025 5009
325 417 395 504 434
600 421 641 487 r.
672 420 860 489 0v1nrr
890 420 1121 492 unsonrs

375 562 493 635 Donec
511 589 580 635 eam
597 561 718 662 positis
735 561 911 639 occuluere
928 564 1029 660 logis.

326 677 439 754 Tertia
458 706 554 752 eausa
571 677 654 752 mihi
673 680 783 781 spatio
797 665 921 779 majore
938 680 1085 756 canenda
1103 699 1175 756 est:

376 800 449 871 Nos
467 814 575 870 tamen
591 795 755 872 adductos
773 796 866 872 intus
883 827 1019 893 agemus
1038 827 1153 901 equos.

326 913 458 1002 Tullia,
473 912 648 1012 conjugio,
668 912 800 1019 ¹sceleris
817 916 987 1003 mercede,
1007 935 1163 1018 peracto,

376 1031 441 1105 His
457 1029 556 1106 solita
574 1049 623 1104 est
641 1031 738 1104 dictis
756 1030 969 1106 exstimulare
986 1033 1118 1108 vimm:

325 1145 418 1243 Quid
434 1146 528 1245 juvat
545 1173 616 1220 esse
635 1173 749 1247 pares,
770 1163 802 1218 te
818 1163 944 1220 nostre
962 1145 1048 1220 crede
1066 1149 1213 1239 sororis,

375 1264 500 1363 Meque
519 1262 569 1336 tui
586 1261 719 1352 lratris,
736 1261 765 1336 si
783 1263 838 1365 pia
856 1263 924 1336 rita
942 1261 1074 1367 placet?

324 1379 444 1454 Vivere
461 1378 660 1468 debuerant,
680 1397 713 1453 et
728 1379 780 1453 vir
792 1407 907 1468 meus,
926 1398 960 1455 et
978 1398 1034 1454 tua
1051 1381 1189 1481 conjux,

374 1495 411 1567 Si
427 1491 555 1574 nullum
574 1493 688 1568 ausuri
704 1493 811 1592 majus
828 1522 958 1570 eramus
976 1525 1075 1599 opus.

324 1613 370 1686 Et
384 1628 503 1712 caput,
522 1627 555 1684 et
571 1639 712 1706 regnum
729 1610 815 1684 facio
832 1610 944 1688 dotale
963 1613 1135 1716 parentis:

371 1727 407 1800 Si
425 1726 475 1802 vir
491 1747 547 1816 cs}
565 1727 596 1815 i,
616 1726 722 1802 dictas
740 1726 835 1824 exige
852 1728 944 1804 dotis
962 1760 1055 1834 opes.

1356 709 1404 762 585

1357 1289 1409 1363 ⁵9⁰

320 1921 394 1989 vius,
408 1923 437 1988 l,
448 1921 490 1990 46.
498 1949 530 1961 -
546 1923 700 1986 occuluere,
711 1921 840 1976 Heinsius
888 1935 960 1991 cen!,·
973 1925 1028 1980 duo
1039 1937 1066 1981 et
1077 1926 1139 1981 edit.
1150 1927 1229 1997 pn'm.
1241 1937 1321 1998 atque
1333 1927 1402 1984 Gri-

321 2002 436 2056 malebat
452 2006 591 2066 curulum,
615 2001 676 2071 quia
694 2003 840 2056 Vossianus
888 2005 1013 2075 phii,pr'a
1018 2007 1084 2075 jura
1092 2011 1210 2076 placent,
1222 2008 1296 2077 quod
1305 2010 1402 2063 arridet

320 2101 370 2154 pro
378 2081 480 2135 diversa
491 2080 603 2134 lectione
616 2085 735 2134 euoluere.
888 2083 1002 2138 Heinsio
1010 2096 1038 2138 et
1049 2085 1208 2151 Taubnero,
1220 2087 1283 2156 quia
1295 2097 1323 2141 et
1331 2087 1402 2142 Vlll

354 2161 410 2213 585.
420 2158 513 2213 Tertia
522 2177 598 2211 causa
608 2197 615 2224 ‚
625 2177 684 2227 quee
692 2157 773 2210 habet
781 2176 838 2226 por·
888 2161 956 2215 Mel.
975 2165 1041 2235 499,
1054 2169 1102 2229 pr'a
1113 2163 1176 2230 jura
1191 2174 1344 2233 parentum
1357 2164 1401 2219 sed

321 2251 377 2295 tem
392 2239 593 2294 memorabilem
609 2239 723 2292 historie
740 2258 836 2293 roma-

320 2319 460 2373 nie-Nos
470 2325 553 2370 tamen
564 2326 614 2370 etc.
625 2315 658 2370 de
671 2315 836 2372 hacsormu-

321 2397 346 2452 la
357 2396 418 2451 vide
432 2393 465 2448 ad
481 2395 521 2448 1v
531 2433 538 2462 ,
555 2394 592 2449 16.
602 2422 635 2434 -
645 2395 700 2448 Pro
710 2398 838 2450 adductos

320 2477 462 2535 Pembroe.
474 2478 646 2529 amusan-
652 2478 740 2529 Tullr‘a
748 2477 839 2531 minor

319 2559 394 2612 seror
412 2563 539 2624 nupserat
553 2553 650 2608 Arunti
670 2553 835 2624 Tarquinio,

320 2637 391 2692 mitis
413 2635 512 2705 ingenii
527 2633 634 2704 juveni;
648 2631 736 2686 Tullia
750 2633 838 2700 major'

319 2732 398 2779 vero,
407 2711 526 2766 modesta
537 2722 564 2764 et
573 2709 652 2781 patris
663 2729 771 2775 amans,
784 2711 836 2764 Lu·

319 2793 361 2848 cio
374 2791 538 2861 Tarquinio,
551 2790 594 2843 cui
612 2789 716 2843 animus
734 2789 837 2843 arden·-

320 2873 379 2928 tior.
389 2871 444 2926 Sed
456 2871 497 2924 illa
506 2869 654 2939 sicquoque
667 2868 780 2923 Lucium
788 2889 835 2924 ce·

255 2999 260 3004 ·
318 2956 366 3011 leri
371 2966 411 3008 ter
418 2971 471 3007 sure
480 2949 772 3020 temeritatisimplevit;
782 2973 795 2997 α
805 2951 834 3006 L.

320 3057 334 3084 n
347 3031 509 3103 Tarquinius
518 3041 545 3083 et
555 3029 644 3084 Tullia
654 3030 743 3083 minor
752 3049 834 3099 prope

319 3137 333 3164 r
346 3112 506 3170 continuatis
514 3109 765 3178 funeribus,quum
780 3110 835 3162 do·

887 2239 923 2294 ibi
932 2241 1020 2294 verior
1026 2241 1098 2294 haud
1108 2241 1187 2295 dubie
1197 2241 1275 2296 lectio
1280 2249 1329 2310 pia
1337 2256 1401 2300 eata.

887 2315 948 2370 Hoc
960 2316 1018 2372 loco
1029 2316 1138 2388 singulte
1146 2317 1271 2373 lectiones
1286 2320 1401 2387 liabent,

887 2413 941 2463 quo
949 2415 976 2449 se
985 2405 1117 2450 tueantur.
1128 2400 1216 2451 Pr'elas
1228 2409 1319 2454 autem
1331 2419 1402 2454 nuuc

887 2485 927 2526 est
938 2493 1050 2539 eorum,
1063 2475 1109 2543 qui
1125 2473 1190 2528 nihil
1201 2474 1341 2530 audentio
1351 2496 1403 2548 pa-

887 2561 973 2615 trem,
989 2551 1034 2604 sed
1045 2557 1152 2619 prelati?
1170 2554 1316 2624 imaginem
1332 2576 1403 2610 nunc

887 2649 943 2684 non
953 2630 1022 2684 bene
1030 2629 1126 2685 Tulliae
1135 2634 1225 2687 tribuit
1234 2647 1314 2704 poeta
1325 2657 1332 2690 z
1343 2655 1401 2692 rne-

887 2708 936 2763 lius
947 2710 1053 2780 Livius,
1066 2733 1081 2758 ι
1095 2711 1137 2765 Eo
1147 2731 1220 2767 nunc
1228 2715 1305 2783 pejus
1314 2728 1403 2770 muta·

889 2811 902 2834 ιι
916 2799 941 2841 ta
954 2801 992 2844 est
1008 2809 1067 2856 res,
1083 2790 1154 2860 quod
1173 2791 1230 2846 istic
1247 2812 1311 2846 cum
1327 2795 1402 2865 igne-

888 2889 902 2914 »
914 2867 955 2919 via
968 2877 1007 2922 est
1018 2867 1109 2922 scelus.
1123 2891 1137 2914 ¹·

914 2945 970 3016 593.
977 2945 1055 3016 Apud
1064 2946 1169 3001 Livium
1176 2948 1219 3018 jus
1229 2950 1307 3020 regni
1314 2970 1331 3004 a
1338 2951 1400 3005 'l'ar

886 3024 970 3093 quinii
984 3036 1057 3095 patre
1075 3027 1186 3097 repetit,
1205 3027 1256 3082 troc
1272 3026 1332 3083 loco
1346 3049 1399 3085 ate

884 3123 985 3172 suoque
998 3105 1123 3176 conjugio
1131 3126 1137 3170 ς
1145 3106 1182 3159 sic
1190 3105 1338 3180 etDionyn
1351 3128 1398 3180 29:

321 3217 335 3242 a
347 3213 406 3248 mos
421 3209 514 3246 vacuas
526 3208 598 3242 novo
609 3188 784 3242 matrimonio
794 3187 836 3243 se·
884 3179 949 3233 illud
968 3181 1070 3236 metim
1091 3183 1183 3237 Lectio
1200 3185 1239 3238 Et
1253 3197 1337 3253 capu!
1351 3198 1397 3240 etc

320 3291 335 3318 u
347 3271 459 3333 cissent,
471 3268 620 3336 junguntur
633 3265 748 3335 nuptiis;
764 3289 777 3311 u
793 3266 834 3319 Li·
884 3261 952 3314 mihi
967 3264 1091 3316 omnium
1107 3263 1207 3333 optime
1227 3262 1331 3334 plauti,
1350 3285 1397 3320 nec

317 3349 390 3416 vius,
404 3348 434 3412 l,
449 3345 489 3408 46.
501 3371 534 3384 —·
542 3346 716 3398 Exstimulare
732 3345 835 3414 gravius
884 3351 958 3407 erat,
970 3361 1019 3394 cur
1030 3341 1158 3396 Heinsius
1167 3341 1306 3410 suaderet,
1314 3350 1396 3398 se'tca·

317 3437 373 3493 est,
384 3443 465 3495 quam
475 3423 587 3477 aliorum
600 3427 754 3476 sollicitare:
764 3423 834 3493 apud
880 3430 942 3487 put,
956 3430 988 3472 ut
1004 3439 1117 3488 reputem,
1130 3420 1202 3489 sato
1217 3425 1312 3475 dotale.
1324 3421 1396 3477 Olim

318 3505 423 3560 Livium
437 3523 443 3557 :
456 3525 470 3549 s
484 3521 534 3555 nec
546 3512 641 3568 nocte,
655 3519 705 3554 nec
715 3501 834 3556 interdiu
885 3494 1027 3565 edebatur,
1033 3498 1137 3566 lactum
1148 3507 1189 3552 es!
1203 3517 1211 3549 .·
1229 3498 1339 3567 quidam
1343 3500 1395 3567 sa-

318 3605 331 3632 ν
343 3585 432 3637 vimen
450 3579 636 3650 conquiescere
655 3579 778 3649 patitur,
797 3600 833 3634 ne
883 3583 1010 3637 cto5unus
1010 3573 1300 3644 lacrusealiuslacr'arn.
1308 3577 1395 3630 Etiam

318 3683 332 3708 a
345 3660 457 3730 gratuita
480 3656 613 3728 praeterita
628 3653 767 3726 parricidia
787 3676 834 3710 es·
884 3672 950 3706 vem.
960 3657 1024 3726 594,
1035 3654 1170 3708 ratisbona
1178 3654 1309 3722 estlectio,
1317 3676 1394 3726 quam

318 3751 413 3794 asem.
430 3761 442 3784 u
454 3736 533 3791 Conl'.
543 3735 715 3806 Dionysium,
731 3734 782 3801 IV,
793 3737 833 3791 28.
884 3731 1011 3786 Heinsius
1024 3752 1056 3788 ex
1069 3733 1123 3787 MS
1142 3734 1256 3788 Stroux:
1274 3737 1392 3806 recepit:
1485 3764 1487 3795 ,

320 3807 323 3812 ¹
360 3816 527 3893 589-595.si
548 3812 675 3886 placuerit
691 3813 747 3868 luec
771 3833 833 3867 cum
883 3832 946 3865 nam
958 3810 1022 3867 illud
1038 3819 1053 3866 ι’
1065 3815 1190 3868 convenit
1209 3815 1299 3868 animo
1316 3835 1394 3869 corn·
1485 3818 1486 3821 ’

318 3893 411 3964 Livio,
425 3895 454 3962 I,
468 3899 515 3965 47,
531 3913 698 3964 comparare,
713 3893 784 3946 hunc
794 3893 834 3945 vi·
882 3901 957 3944 moto
972 3893 1018 3959 (ut
1032 3893 1173 3958 Horatius,
1186 3895 1216 3960 l,
1231 3893 1391 3963 Ep.u1,17;

318 3975 391 4030 debis
410 3974 496 4030 multo
514 3975 688 4043 superiorem.
709 3971 749 4027 lbi
768 3982 833 4042 quot
883 3969 925 4036 ll,
939 3987 981 4037 11,
993 3971 1024 4039 76
1035 3967 1048 4040 )
1058 3982 1085 4023 et
1097 3975 1179 4024 dicere
1191 3976 1273 4025 dotem
1284 3984 1332 4027 aut
1343 3977 1397 4025 doti

316 4055 414 4120 rerba,
427 4065 466 4106 tot
488 4053 621 4122 pondera,
635 4051 729 4122 quibus
746 4049 833 4104 multo
882 4069 937 4103 esse
944 4047 1085 4103 formulam
1093 4049 1392 4122 solemnem,quunrlr'
1482 4068 1484 4097 l

316 4131 552 4202 arriusinstigatur
565 4129 833 4198 juvenisanimus.-
881 4148 938 4182 cere
948 4129 1028 4182 etiam
1040 4127 1171 4199 polliceri,
1185 4129 1327 4199 addicere,
1344 4131 1392 4184 ad·
1482 4176 1483 4197 3

317 4211 424 4279 Proper
432 4207 697 4280 su‘taplacet,aliiprie
705 4210 833 4277 octupla·
882 4207 1391 4282 signare,coustitueresignifioet,do-
1480 4238 1482 4301 j
