3025 5009
307 454 371 539 144
595 460 636 523 u.
668 457 848 527 ov1u11
874 457 1098 530 sssoms

352 596 393 667 In
407 592 534 669 medios
550 593 667 670 hostes
682 614 780 671 nocte
796 595 914 672 silente
932 599 1032 673 venit.

249 750 253 767 ·
301 710 478 785 Nudarant
495 710 647 809 gladios:
664 712 824 801 occidite,
843 712 945 801 dixit,
966 715 1135 791 inermem.

350 832 426 905 Hoc
445 831 584 933 cupiant
598 830 733 919 fratres,
750 832 1022 933 Tarquiniusque
1040 852 1157 935 pater,

303 946 375 1045 Qui
392 976 465 1022 mea
483 946 610 1022 crudeli
628 946 785 1022 laceravit
799 947 935 1022 verbere
949 964 1062 1044 terga;
1330 972 1385 1045 695

351 1064 471 1138 Dicere
489 1082 528 1138 ut
544 1063 610 1139 hoc
628 1082 766 1167 posset,
784 1064 921 1139 verbera
936 1092 1056 1166 passus
1072 1056 1151 1140 erat.

301 1184 397 1256 Luna
414 1180 481 1255 luit
496 1210 504 1253 :
520 1197 673 1282 spectant
686 1180 859 1279 juvenem,
877 1179 1075 1282 gladiosque
1089 1183 1297 1272 recondunt,

350 1298 546 1398 Tergaque,
566 1295 709 1371 deducta
723 1313 833 1384 veste,
849 1312 967 1371 notata
983 1295 1115 1371 vident:

301 1413 400 1490 Ilent
418 1442 572 1515 quoque,
588 1430 640 1501 et,
659 1430 699 1487 ut
717 1440 830 1487 seeum
846 1430 980 1487 tueatur
995 1413 1105 1503 bella,
1121 1431 1310 1515 precantur.

352 1528 504 1605 Callidus
521 1530 649 1627 ignaris
665 1529 786 1603 annuit
800 1526 857 1603 ille
873 1529 964 1603 viris.
1334 1568 1388 1623 7⁰⁰

301 1650 443 1749 Jamque
460 1664 602 1749 potens,
619 1646 723 1721 misso
741 1644 927 1743 genitorem
941 1644 1088 1748 appellat
1102 1646 1225 1733 amico,

353 1760 523 1837 Prodendi
540 1762 688 1851 Gabios,
706 1761 799 1864 quod
817 1762 885 1837 sibi
899 1781 1066 1838 monstret
1080 1764 1168 1838 iter?

304 1880 436 1954 Hortus
453 1878 605 1953 odoratis
621 1878 760 1953 suberat
775 1876 979 1953 cultissimus
993 1877 1130 1966 herbis,

353 1997 471 2071 Sectus
488 1996 628 2071 humum
646 1994 718 2070 rivo
735 1993 810 2071 lene
828 1994 980 2069 sonantis
997 2021 1100 2094 aqua.

333 2204 391 2279 693.
412 2202 484 2259 Cum
503 2202 544 2257 his
559 2202 591 2259 d.
603 2204 684 2257 verba
696 2202 819 2271 eiusdem
864 2206 988 2258 deducere
997 2201 1057 2256 vide
1065 2212 1093 2259 et
1103 2201 1135 2256 ad
1147 2202 1190 2256 III
1203 2202 1316 2256 Metam
1326 2204 1386 2271 480.

301 2282 406 2353 juvenis
418 2282 488 2353 apud
499 2280 620 2347 Livium,
633 2280 678 2335 ubi
698 2281 775 2351 plura
786 2280 819 2335 ad
865 2310 899 2324 -·
912 2284 995 2345 Note,
1007 2280 1151 2348 cicatrices,
1160 2281 1253 2350 quaein
1261 2290 1324 2335 cute
1332 2280 1387 2335 dis·

302 2362 421 2415 Gabinos
441 2359 588 2414 movendos
603 2369 630 2414 et
648 2358 819 2430 decipiendos
865 2358 1386 2432 eerpumanent.Horat.1,0d.xn1,

302 2450 372 2510 apta,
381 2438 428 2493 sed
433 2436 500 2493 nihil
510 2436 544 2491 de
552 2438 703 2501 verteribus,
714 2446 772 2506 quse
782 2446 820 2490 ta·
870 2460 909 2505 ιη
919 2438 1052 2507 Tibullus,
1062 2437 1117 2506 IV,
1128 2454 1179 2504 111,
1191 2458 1237 2505 ιο,
1250 2436 1388 2492 «hamatis

302 2528 406 2571 menet
420 2515 643 2589 aDlouys.atque
652 2514 733 2569 Floro
742 2516 774 2581 I,
788 2536 817 2587 7,
867 2537 882 2564 υ
891 2535 970 2571 mura
982 2526 1075 2571 notare
1086 2516 1189 2571 rubis»
1201 2519 1332 2571 -FIem
1341 2516 1386 2570 ille

302 2592 819 2663 commemorantumllissidiumapatre
866 2610 962 2664 parum
977 2593 1053 2649 decet
1066 2602 1182 2649 umato·
1195 2592 1298 2660 hostes,
1311 2591 1386 2647 iuter

302 2674 336 2731 de
349 2674 418 2729 bello
426 2672 730 2740 liniendosimulaverst‚
738 2684 819 2743 atque
867 2666 933 2743 quos
945 2672 1042 2728 Sextus
1053 2672 1194 2743 eloquitur.
1205 2700 1239 2713 -
1252 2674 1290 2725 m
1298 2691 1386 2725 secuse

303 2754 381 2825 virgis
392 2772 419 2807 se
432 2750 497 2807 endi
507 2751 536 2806 iu
546 2750 606 2804 soro
616 2762 778 2822 passuserat.
785 2779 819 2794 ·-
866 2760 970 2807 tueatur
979 2756 1061 2817 belle,
1074 2764 1104 2807 nt
1114 2773 1141 2808 se
1152 2752 1260 2822 adjuvet
1270 2752 1299 2805 in
1314 2753 1386 2807 bello

304 2831 499 2901 Coniunctivus
507 2836 623 2899 capulent,
634 2849 715 2901 quem
726 2832 819 2886 Petav.
865 2829 1096 2901 sortitergerendo
1103 2841 1131 2884 et
1138 2828 1330 2884 continuando.
1339 2828 1387 2883 Ii-

302 2908 424 2964 Fraueos.
433 2920 460 2963 et
467 2920 520 2963 tres
528 2907 571 2963 alii
578 2908 713 2977 exhibent,
722 2908 818 2963 melius
865 2908 933 2975 vius,
944 2908 1058 2976 XXIII,
1071 2908 1114 2975 38,
1128 2930 1143 2954 κ
1155 2906 1308 2977 pecuniasd
1318 2908 1386 2961 clas-

258 3011 261 3026 ·
302 2988 436 3054 sehabet,
449 3005 530 3057 quam
546 2986 614 3059 vulg.
626 2994 738 3057 cupiunt.
750 2988 818 3043 Sino
864 2984 949 3039 'nem
968 2984 1097 3039 tuendam
1118 2984 1270 3055 bellumque
1288 3004 1386 3040 msce-

302 3064 413 3121 insimili
420 3064 523 3133 fraude,
533 3064 595 3119 AEu.
603 3066 642 3131 11,
656 3066 818 3134 104:«Jam·
867 3063 1022 3119 »donicum
1039 3063 1154 3118 decreta.
1169 3086 1183 3111 υ

303 3164 318 3190 »
328 3142 430 3197 dudum
436 3144 532 3196 sumite
538 3141 818 3213 pmnasslloclthscus
899 3164 955 3216 ⁷⁰¹·
969 3144 1025 3197 Liv.
1034 3161 1090 3212 usp.
1103 3145 1149 3210 54,
1163 3164 1177 3189 α
1189 3152 1263 3197 unta
1273 3143 1383 3198 canuto

303 3243 317 3267 »ι
329 3222 405 3289 velit,
419 3232 446 3275 et
460 3238 558 3291 magno
572 3232 727 3275 mercentur
736 3221 818 3274 Atri-
866 3242 881 3268 s
894 3233 961 3289 erat,
970 3232 1001 3275 ut
1012 3240 1068 3274 non
1079 3220 1323 3291 paterTarquiuins
1335 3240 1386 3291 po·

304 3324 317 3347 »
331 3300 379 3355 dee.
393 3322 406 3347 s
421 3298 464 3353 CI.
476 3310 503 3353 et
511 3300 582 3353 inlra
593 3300 648 3367 IV,
661 3300 719 3373 890.
868 3322 883 3347 υ
896 3302 997 3355 lentior
1004 3300 1109 3367 Rome,
1121 3319 1201 3370 quam
1215 3299 1285 3354 filius
1291 3299 1385 3355 Gabiis

322 3380 442 3453 eqepro
450 3378 818 3449 dedseIaRegiusuuus,Mo·
867 3401 881 3426 υ
895 3391 997 3435 esset.»
1010 3381 1226 3435 Nostersm'csur
1241 3380 1383 3447 nominet,
1446 3390 1450 3395 '

302 3461 353 3513 reti
365 3468 393 3512 et
405 3456 470 3512 alius
483 3461 596 3510 dt'ducta.
609 3456 679 3511 Vide
692 3458 724 3511 sd
747 3457 817 3513 XIII
866 3456 1011 3532 Dionysius
1025 3458 1171 3526 famulum,
1182 3470 1228 3514 reis
1239 3463 1385 3537 superdeus

302 3540 371 3592 Illet.
384 3537 448 3604 264,
461 3536 505 3590 ubi
518 3535 626 3609 Ulysses
642 3537 753 3590 vulnera
770 3556 818 3590 sua
867 3540 1097 3607 end-Appellat
1108 3538 1239 3604 alterum,
1257 3538 1303 3608 qui
1320 3557 1385 3592 eum

300 3619 390 3687 jactat,
399 3626 426 3669 et
434 3615 554 3669 utverbis
561 3614 643 3667 lidem
649 3613 818 3681 faciamu-
865 3632 899 3671 eo
909 3618 977 3687 agit,
991 3618 1024 3671 sb
1042 3636 1076 3671 eo
1091 3616 1216 3670 auxilium
1228 3619 1307 3688 petit,
1320 3636 1384 3671 eum

303 3720 316 3745 u
328 3708 383 3753 tem
394 3714 476 3749 mauu
489 3692 626 3749 deducit.»
641 3693 694 3749 Sed
707 3693 778 3747 etibi
787 3694 817 3747 iu
865 3706 950 3767 rogat.

301 3775 414 3829 lectione
423 3770 640 3827 variautMSSet
648 3770 712 3824 lntt.
719 3771 817 3826 Nosibi
901 3779 957 3848 7⁰3·
974 3777 1163 3832 Hunchonm
1174 3796 1207 3831 ex
1220 3774 1329 3845 ingenio
1345 3774 1384 3828 sie

301 3855 433 3915 deducere,
445 3851 602 3921 asuperiore
613 3848 730 3919 corporis
741 3858 818 3918 purte
865 3860 1002 3913 „onmis
1016 3850 1131 3913 ovidius
1143 3878 1158 3911 ο
1175 3866 1307 3928 pmpeo
1318 3854 1383 3921 itte,

301 3932 457 4010 detrahere,
471 3932 649 4003 pretulimus,
662 3932 723 4001 quia
734 3934 817 3983 de’ds-
867 3960 881 3985 ι
893 3938 1077 4008 iniquumque
1096 3936 1188 3991 bibant
1199 3933 1307 3987 siblaria
1320 3932 1384 3988 son-

300 4016 339 4072 ce',
353 4010 381 4063 in
396 4009 509 4064 diversas
522 4022 608 4081 partes
624 4008 708 4074 trahi,
726 4008 817 4061 tunica
868 4038 882 4063 »
894 4027 956 4070 tem.
970 4038 985 4062 »
995 4044 1029 4057 -
1046 4016 1118 4068 Tum
1136 4012 1308 4085 papaveribus
1324 4016 1385 4066 litata

299 4107 356 4142 non
371 4090 472 4159 poluit,
483 4092 532 4144 ulei
547 4092 630 4144 scissa·
648 4088 689 4144 Ibl
706 4098 734 4141 el
744 4108 817 4142 non·
865 4094 1096 4148 substituit-Pro
1103 4104 1188 4146 sectus
1197 4090 1275 4145 multi
1281 4100 1385 4158 septus,-

300 4168 373 4223 nulla
384 4167 497 4222 diximus
509 4167 541 4221 de
550 4169 669 4223 moresie
677 4179 817 4223 ostentau-
866 4191 917 4225 nee
931 4171 1091 4226 Taubnerus
1103 4169 1183 4225 audet
1194 4168 1382 4240 pronuntiare,

299 4244 326 4297 di
337 4257 383 4299 aut
398 4245 551 4301 affirmandi
564 4246 681 4305 vulnera.
692 4246 735 4303 De
750 4264 816 4301 voce
865 4256 958 4302 utrum
979 4248 1075 4304 verius.
1087 4245 1222 4317 Equidem
1242 4257 1320 4301 tueor
1335 4262 1386 4296 se·-
