3025 5009
314 510 336 594 4
683 510 1017 577 pnoonunuu.

313 677 387 723 sum
409 672 480 721 csse
501 645 637 744 judicat.
665 646 897 722 concedamus
918 649 1038 745 igitur,
1058 648 1150 751 quod
1171 666 1206 723 et
1227 654 1389 727 recentis·

313 770 389 843 simi
401 771 580 844 Fastorum
594 772 817 870 Imenaretes,
831 770 993 857 beurim,
1010 770 1191 861 Krebsius‚
1207 773 1388 867 Gemina,

311 891 454 993 amplexi
483 910 583 979 sunt,
616 892 775 993 quodque
801 893 901 966 etiam
925 893 1051 967 Jacobs
1081 893 1117 967 in
1141 894 1317 970 Animadv.
1344 899 1387 973 ad

311 1014 451 1089 Anthol.
470 1014 573 1088 Gracc.
592 1012 656 1088 vol.
673 1016 723 1087 111
737 1070 746 1103 ,
759 1014 798 1087 P.
815 1017 848 1088 11
860 1072 871 1104 ,
884 1044 918 1116 p.
940 1014 1003 1087 161
1017 1072 1028 1104 ,
1042 1033 1175 1105 tuetur,
1189 1018 1384 1093 Callimachi

312 1166 442 1211 carmen
456 1137 668 1211 obversatum
682 1164 753 1210 csse
768 1135 883 1209 Ovidii
897 1137 1052 1232 ingenio,
1068 1166 1173 1237 quum
1188 1168 1285 1213 suum
1299 1169 1385 1241 opus

312 1260 496 1335 moliretur.
512 1259 614 1334 Aliud
628 1277 739 1334 tamen
751 1276 817 1346 est,
834 1287 950 1333 causas
963 1287 1073 1333 rerum
1084 1262 1126 1335 ab
1140 1262 1301 1338 heroibus
1312 1293 1386 1360 ges-

309 1402 438 1499 tarum,
456 1410 525 1456 non
551 1400 683 1458 constat
707 1412 775 1483 qun
794 1381 934 1468 ordine,
959 1410 1098 1469 canere3
1121 1382 1233 1471 aliud,
1259 1384 1385 1459 Kalen-

311 1507 439 1581 darium
463 1507 654 1580 Romanum
673 1506 816 1579 carmine
835 1505 1015 1605 persequi,
1045 1533 1232 1607 causasque·
1247 1509 1385 1584 reddere

309 1636 424 1703 eoram
444 1629 610 1714 omnium,
627 1655 700 1728 quae
713 1626 754 1699 ad
770 1628 842 1701 dies
856 1626 1009 1721 singulos
1025 1630 1140 1728 paucis
1155 1628 1260 1703 literis
1271 1651 1385 1707 notata

310 1771 405 1828 erant
427 1754 487 1847 (*).
517 1750 716 1853 Exemplum
738 1752 810 1850 ejus
835 1752 1053 1847 Argumentis
1078 1753 1243 1827 librorum
1270 1756 1386 1855 subje-

308 1876 413 1949 cimus
427 1932 436 1962 ,
462 1874 498 1948 id
512 1874 665 1975 quidem,
691 1873 812 1973 quode
826 1871 1005 1973 pluribus,
1031 1904 1103 1975 quae
1115 1894 1246 1949 exstant
1260 1933 1269 1966 ‚
1284 1878 1385 1951 etiam

234 2042 242 2057 ·
309 1994 595 2071 Mitscberlicbius
608 1994 714 2090 elegit.
731 1997 888 2069 Formam
903 1995 973 2095 ejus
989 1996 1090 2071 luisse
1105 1998 1253 2073 videmus
1267 1999 1383 2089 talem,

307 2138 347 2195 ut
359 2149 430 2193 non
443 2120 508 2193 nisi
522 2118 692 2213 ingenium
700 2118 881 2194 multarum
893 2147 1005 2193 rerum
1018 2119 1155 2193 scientia
1167 2122 1384 2213 inundatum,

307 2262 409 2343 atque
425 2240 628 2316 tenuissimis
642 2242 741 2315 etiam
753 2241 857 2315 rebus
874 2241 1076 2317 exornandis
1092 2243 1267 2333 idoneum,
1291 2245 1383 2321 adse

308 2362 516 2439 tractandum
531 2363 670 2436 invitare
682 2381 809 2463 posset.
1438 2462 1445 2471 ·

355 2491 396 2562 ln
410 2487 635 2562 examinandis
649 2465 856 2561 carminibus
868 2489 1017 2561 inventio
1027 2518 1138 2563 rerum
1151 2518 1189 2566 ac
1202 2490 1380 2593 dispositio

305 2612 450 2713 primum
469 2610 612 2711 spectari
626 2610 725 2697 solet3
741 2609 904 2710 atquebis
914 2612 1085 2707 ingenium
1096 2631 1203 2713 poete
1214 2614 1265 2688 vel
1277 2618 1385 2690 maxi·
1404 2590 1413 2605 ⁸

306 2762 359 2809 me
386 2734 576 2808 estimatur.
605 2734 731 2805 Verum
759 2732 886 2806 ovidio
911 2734 989 2809 inde
1010 2733 1083 2810 laus
1112 2736 1251 2810 debetur
1272 2766 1384 2841 prope

307 2856 399 2931 nulla
412 2887 419 2943 ;
438 2857 559 2930 etenim
572 2855 663 2961 Fasti
678 2854 847 2929 docebant
860 2856 924 2957 ipsi
937 2912 946 2944 ‚
964 2873 998 2931 et
1011 2885 1093 2958 quas
1106 2887 1179 2947 res,
1197 2876 1232 2933 et
1245 2888 1312 2959 qno
1325 2890 1385 2935 or-

301 2982 384 3055 dine
400 2979 549 3075 singulas
567 2996 732 3053 tractaret.
763 2978 834 3053 lllae
851 3008 931 3054 vero
945 2980 1070 3054 adhaec
1083 2981 1185 3054 ferme
1205 2982 1314 3082 capita
1325 3012 1383 3057 rc-

191 3176 193 3181 ,
300 3104 417 3177 *vocari
429 3099 646 3204 possunttad
656 3100 915 3201 descriptionem
924 3104 1003 3177 anni
1011 3104 1174 3193 Romani,
1188 3132 1380 3195 numerum,

300 3224 458 3298 »ordinem
474 3240 507 3296 et
521 3222 657 3295 nomina
675 3222 860 3309 meusium,
878 3221 1135 3326 discriminaque
1159 3226 1309 3315 diemm;
1337 3229 1381 3302 ad

309 3346 448 3421 celestia
457 3342 647 3431 nonnulla,
675 3360 787 3418 ortum
805 3361 837 3417 et
859 3372 1013 3419 occasum
1034 3346 1202 3438 siderum,
1218 3349 1313 3423 initia
1330 3352 1382 3423 ri·

304 3468 542 3543 cissitudinum
552 3494 754 3555 annuarum,
770 3464 917 3566 solisque
932 3493 993 3567 per
1009 3468 1104 3562 signa
1116 3468 1248 3544 Zodiaci
1262 3470 1382 3545 decur-

305 3620 400 3677 sum3
418 3589 459 3663 ad
473 3588 714 3663 dedicationem
725 3586 942 3688 templorum3
953 3590 996 3663 ad
1004 3590 1164 3665 festorum
1177 3612 1210 3665 et
1222 3592 1381 3669 ludomm

306 3712 360 3787 vel
376 3715 558 3800 rationem,
577 3709 629 3783 vel
642 3710 806 3805 originem
819 3741 829 3799 ;
847 3711 957 3787 adres
971 3713 1113 3813 denique
1128 3715 1379 3805 memorabiles,
1400 3736 1411 3753 ⁹

341 3960 384 4031 (*)
397 3958 439 4013 De
453 3963 540 4013 Fastis
552 3960 739 4013 Romanorum
751 4000 760 4027 ,
773 3972 827 4013 tarn
838 3964 1024 4015 madoribus
1035 3980 1117 4032 quarn
1129 3964 1281 4023 Ηὺίοήιίε,
1298 3980 1380 4031 panta

309 4049 422 4123 diximum
433 4049 465 4102 ad
476 4050 504 4117 l,
522 4070 531 4102 ι
547 4060 574 4105 et
585 4072 606 4119 7.
619 4050 699 4105 Plura
711 4050 744 4105 de
758 4051 788 4105 iis
799 4051 915 4121 disputat
926 4054 1050 4107 Gesem'ss
1060 4055 1087 4106 in
1099 4053 1231 4126 Symbolis
1240 4051 1380 4107 observas.

307 4139 340 4191 ad
356 4124 445 4193 Ovidii
460 4140 558 4195 Festos.
578 4140 714 4195 Nonnulla
729 4142 810 4195 ctiam
826 4144 952 4212 premisit
964 4143 1075 4197 lentius
1086 4145 1156 4200 notis
1167 4142 1199 4197 ad
1217 4142 1274 4198 loca
1286 4143 1380 4197 selecta

309 4230 451 4285 Fastorum
465 4232 492 4285 in
506 4230 614 4304 Eurycl.
632 4230 719 4287 schol.
