3025 5009
305 458 325 521 8
666 451 1002 519 PROOEMIUM.

302 613 408 695 etyma
420 593 660 669 vocabulorum
672 593 860 695 pertinent,
873 590 1070 688 genealogia
1082 590 1229 666 Dardani
1238 594 1370 680 ,Pleia-

306 716 385 790 dum
403 716 617 802 nominibus,
633 715 784 811 catalngo
802 716 1013 803 Graecorum,
1031 714 1140 815 quiin
1155 714 1284 790 ltaliam
1300 744 1372 818 per-

303 857 483 927 venerunt,
504 838 764 940 aliquid'tamen
781 840 894 934 gratia
914 838 1068 925 addidit,
1094 856 1133 913 nt
1152 836 1295 913 libenter
1315 869 1372 914 cn·

305 980 517 1058 gnoscantur.
534 961 605 1036 lllis
619 962 722 1037 multa
733 963 952 1065 interposuit,
967 962 1208 1063 qnaeleotnrem
1222 964 1377 1064 impense

303 1090 437 1175 tenent,
460 1088 546 1162 veris
564 1088 839 1188 descriptionem,
857 1086 971 1161 laudes
994 1087 1181 1187 primorum
1208 1090 1373 1162 Astrono-

304 1240 455 1299 morum,
474 1211 585 1286 locum
605 1213 775 1309 egregium
792 1212 834 1286 de
854 1212 995 1286 Veneris
1017 1212 1186 1313 potentia,
1206 1211 1371 1313 hymnos,

303 1362 417 1436 preces
434 1334 476 1409 ad
493 1337 644 1409 Cererem
659 1353 693 1409 et
707 1337 866 1422 Terram,
886 1336 927 1409 ad
944 1334 1070 1423 Palen,
1086 1335 1129 1407 ad
1146 1334 1372 1429 Robiginem,

305 1476 339 1531 et
353 1476 572 1532 mercatorum
589 1458 632 1533 ad
647 1458 877 1546 Mercurium,
892 1458 1092 1532 'notationes
1107 1485 1239 1530 morum
1256 1458 1376 1559 priscis

306 1596 339 1652 et
355 1582 597 1655 recentioribus
614 1580 843 1681 temporibus,
870 1579 1017 1675 Augusti
1034 1558 1148 1654 laudes
1164 1598 1289 1654 etcum
1305 1584 1377 1655 Ro·

304 1701 398 1775 mulo
417 1704 706 1803 comparationem.
732 1701 858 1776 Sedulo
881 1700 1089 1788 elaboravit,
1118 1719 1158 1776 ut
1172 1702 1275 1777 rebus
1290 1720 1377 1779 trac-

307 1823 417 1898 tandis
433 1825 555 1899 variam
574 1825 714 1899 sormam
731 1825 845 1913 daret,
876 1842 914 1899 nt
927 1823 1071 1925 plurima
1083 1826 1259 1913 animaret,
1277 1845 1378 1928 atque

304 1946 463 2023 doctrina
480 1978 547 2023 suae
564 1948 671 2048 copiis
684 1966 867 2023 exornaret.
883 1951 933 2021 Ac
944 1948 1276 2049 varientem‘qnidem
1286 1950 1378 2024 haud

307 2072 377 2145 scio
395 2100 438 2145 an
454 2072 488 2144 in
505 2070 646 2145 vinculis
660 2098 795 2171 quoque
810 2069 1006 2156 admireris,
1033 2072 1157 2170 quibus
1168 2070 1380 2167 singulorum

308 2193 435 2268 dierum
451 2193 569 2267 seriem
586 2191 763 2267 connectit.
785 2195 911 2267 Rerum
929 2192 1033 2287 igitar
1053 2193 1304 2297 innumerarum
1320 2224 1380 2268 co—

305 2316 415 2417 piam,
433 2344 515 2417 quas
530 2342 627 2389 nosse
646 2334 678 2389 et
694 2316 925 2391 Romanorum
943 2314 1023 2390 olim
1040 2316 1214 2403 intererat,
1229 2335 1263 2391 et
1279 2317 1380 2391 hodie

309 2450 424 2515 nostra
441 2440 596 2526 interest,
615 2438 789 2540 perspicue
814 2452 915 2540 atque
939 2439 1084 2538 jucunde
1105 2438 1244 2527 retulit,
1271 2469 1383 2547 neque

187 2569 191 2577 ’
308 2562 454 2659 neglexit
477 2567 692 2658 Augustum,
723 2590 921 2663 omnemque
950 2562 1087 2637 domum
1117 2564 1297 2637 Cesaream
1324 2565 1381 2665 pie

309 2718 467 2767 venerari.

358 2817 398 2888 ln
417 2812 482 2887 hoc
500 2810 642 2886 carmine
669 2811 902 2911 componendo
921 2802 1231 2910 Elegoi'adhibnit,
1257 2810 1382 2912 quibus

311 2955 406 3011 antea
419 2936 454 3010 in
468 2935 639 3011 amoribus
654 2934 812 3008 canendis
827 2962 909 3008 usus
924 2951 1004 3009 erat.
1019 2935 1131 3031 Quam
1145 2934 1314 3009 audaciam
1325 2963 1383 3008 ex-

310 3074 422 3147 cusat,
442 3057 501 3131 lib.
517 3061 551 3132 ll
563 3059 656 3144 init,
671 3076 703 3131 et
713 3056 954 3151 multomagis,
968 3084 1051 3130 vers.
1072 3055 1150 3145 125,
1166 3058 1226 3131 uhi
1236 3057 1382 3131 honores

312 3180 460 3276 Augusti
481 3178 642 3267 celebrat,
660 3207 798 3279 eamque
816 3180 924 3274 tangit
941 3178 1040 3253 etiam
1062 3180 1131 3265 Vl,
1160 3202 1217 3251 21.
1234 3179 1290 3253 An
1306 3178 1384 3255 Cal-

312 3304 473 3379 limachus
498 3306 534 3377 in
546 3298 663 3379 'causis
679 3303 749 3377 suis
775 3303 891 3379 eodem
907 3303 1061 3378 carminis
1084 3331 1202 3399 genere
1218 3331 1300 3379 nsus
1315 3306 1382 3393 sit,

313 3427 348 3501 in
364 3456 404 3501 eo
419 3428 481 3501 viri
500 3427 590 3501 docti
605 3456 673 3501 non
691 3426 903 3501 consentiunt
919 3454 928 3512 ;
959 3424 1124 3501 affirmant
1147 3426 1234 3501 enim
1258 3403 1384 3501 Salma-

314 3550 442 3625 eiusad
460 3549 564 3624 Solin.
585 3578 617 3650 p.
643 3548 710 3623 601
731 3605 740 3638 ‚
771 3566 804 3623 et
818 3548 1091 3625 Hemsterhusius
1108 3549 1143 3621 in
1161 3548 1224 3623 Ed.
1239 3552 1320 3623 Em.
1341 3549 1385 3625 ad

314 3674 431 3770 fragm.
456 3701 498 3775 ¹9
512 3730 521 3760 ,
547 3702 632 3773 quos
645 3673 789 3749 Lenzius
803 3674 980 3774 sequitnr3
1008 3692 1131 3769 negant
1145 3672 1385 3749 Valckenarius

312 3796 355 3871 nd
372 3795 564 3871 Callimachi
575 3797 691 3891 fragm.
704 3824 736 3896 p.
759 3822 817 3885 10,
832 3814 865 3869 et
876 3797 1020 3874 Ernesti.
1032 3800 1083 3871 Ae
1097 3795 1240 3869 Lennius
1250 3794 1386 3896 quidem

313 3920 412 3993 etiam
429 3919 582 3993 observat
598 3974 607 4006 ,
633 3919 845 4019 Propertium
860 3935 997 4020 quoqne
1009 3918 1152 3995 carmina
1168 3918 1317 4018 quaedam
1332 3946 1386 3992 ar-

314 4044 462 4139 gumenti
476 4042 627 4118 historici
642 4043 745 4140 elegis
759 4039 985 4119 concinnasse.

360 4166 476 4263 Quum
500 4167 643 4243 Ovidius
664 4168 727 4243 hos
749 4194 807 4243 sex
828 4168 1004 4245 Fastorum
1025 4165 1131 4244 libros
1150 4167 1306 4262 Augusto
1331 4162 1384 4241 sa·
