<?xml version="1.0" encoding="UTF-8"?>
<!DOCTYPE html PUBLIC "-//W3C//DTD XHTML 1.0 Transitional//EN"
    "http://www.w3.org/TR/xhtml1/DTD/xhtml1-transitional.dtd">
<html xmlns="http://www.w3.org/1999/xhtml" xml:lang="en" lang="en">
 <head>
  <title>
</title>
<meta http-equiv="Content-Type" content="text/html;charset=utf-8" />
  <meta name='ocr-system' content='tesseract 3.04.00' />
  <meta name='ocr-capabilities' content='ocr_page ocr_carea ocr_par ocr_line ocrx_word'/>
</head>
<body>
  <div class='ocr_page' id='page_1' title='image "./publiiovidiinas00unkngoog_0507.png"; bbox 0 0 3025 5009; ppageno 0'>
   <div class='ocr_carea' id='block_1_1' title="bbox 290 466 966 561">
    <p class='ocr_par' dir='ltr' id='par_1_1' title="bbox 290 466 966 561">
     <span class='ocr_line' id='line_1_1' title="bbox 290 466 966 561; baseline 0.007 -25"><span class='ocrx_word' id='word_1_1' title='bbox 290 466 358 561; x_wconf 72' lang='lat'><strong>494</strong></span> <span class='ocrx_word' id='word_1_2' title='bbox 678 470 966 540; x_wconf 77' lang='lat' dir='ltr'><strong>sxcuosus</strong></span> 
     </span>
    </p>
   </div>
   <div class='ocr_carea' id='block_1_2' title="bbox 290 613 1366 831">
    <p class='ocr_par' dir='ltr' id='par_1_2' title="bbox 290 613 1366 831">
     <span class='ocr_line' id='line_1_2' title="bbox 291 613 1366 724; baseline 0.009 -38"><span class='ocrx_word' id='word_1_3' title='bbox 291 639 384 714; x_wconf 85' lang='lat'><strong>217,</strong></span> <span class='ocrx_word' id='word_1_4' title='bbox 403 615 495 688; x_wconf 86' lang='lat' dir='ltr'><strong>cauis</strong></span> <span class='ocrx_word' id='word_1_5' title='bbox 511 641 666 690; x_wconf 88' lang='lat' dir='ltr'><strong>occasum</strong></span> <span class='ocrx_word' id='word_1_6' title='bbox 682 642 760 690; x_wconf 91' lang='lat' dir='ltr'><strong>cum</strong></span> <span class='ocrx_word' id='word_1_7' title='bbox 774 613 855 690; x_wconf 86' lang='lat' dir='ltr'><strong>solis</strong></span> <span class='ocrx_word' id='word_1_8' title='bbox 869 618 1012 694; x_wconf 87' lang='lat' dir='ltr'><strong>transitu</strong></span> <span class='ocrx_word' id='word_1_9' title='bbox 1028 618 1065 700; x_wconf 87' lang='lat' dir='ltr'><strong>iu</strong></span> <span class='ocrx_word' id='word_1_10' title='bbox 1080 621 1249 710; x_wconf 80' lang='lat' dir='ltr'>Taurum,</span> <span class='ocrx_word' id='word_1_11' title='bbox 1268 650 1366 724; x_wconf 89' lang='lat' dir='ltr'><strong>quem</strong></span> 
     </span>
     <span class='ocr_line' id='line_1_3' title="bbox 290 730 849 831; baseline 0.005 -28"><span class='ocrx_word' id='word_1_12' title='bbox 290 730 391 805; x_wconf 81' lang='lat' dir='ltr'><strong>ovid.</strong></span> <span class='ocrx_word' id='word_1_13' title='bbox 410 731 508 808; x_wconf 85' lang='lat' dir='ltr'><strong>etiam</strong></span> <span class='ocrx_word' id='word_1_14' title='bbox 525 731 696 829; x_wconf 78' lang='lat' dir='ltr'><strong>tetigerat,</strong></span> <span class='ocrx_word' id='word_1_15' title='bbox 712 732 849 831; x_wconf 86' lang='lat' dir='ltr'><strong>jungit:</strong></span> 
     </span>
    </p>
   </div>
   <div class='ocr_carea' id='block_1_3' title="bbox 419 905 1120 1064">
    <p class='ocr_par' dir='ltr' id='par_1_3' title="bbox 419 905 1120 1064">
     <span class='ocr_line' id='line_1_4' title="bbox 421 905 1120 978; baseline 0.004 -18"><span class='ocrx_word' id='word_1_16' title='bbox 421 905 559 961; x_wconf 85' lang='lat' dir='ltr'><strong>Candidus</strong></span> <span class='ocrx_word' id='word_1_17' title='bbox 571 905 668 962; x_wconf 81' lang='lat' dir='ltr'><strong>auratis</strong></span> <span class='ocrx_word' id='word_1_18' title='bbox 684 905 768 978; x_wconf 85' lang='lat' dir='ltr'><strong>aperit</strong></span> <span class='ocrx_word' id='word_1_19' title='bbox 782 926 866 977; x_wconf 86' lang='lat' dir='ltr'><strong>quum</strong></span> <span class='ocrx_word' id='word_1_20' title='bbox 878 909 1003 962; x_wconf 82' lang='lat' dir='ltr'><strong>cornibus</strong></span> <span class='ocrx_word' id='word_1_21' title='bbox 1017 927 1120 963; x_wconf 86' lang='lat' dir='ltr'><strong>aunum</strong></span> 
     </span>
     <span class='ocr_line' id='line_1_5' title="bbox 419 997 1110 1064; baseline 0.003 -12"><span class='ocrx_word' id='word_1_22' title='bbox 419 997 540 1064; x_wconf 71' lang='lat' dir='ltr'><strong>Taurus,</strong></span> <span class='ocrx_word' id='word_1_23' title='bbox 555 1008 583 1052; x_wconf 87' lang='lat' dir='ltr'><strong>et</strong></span> <span class='ocrx_word' id='word_1_24' title='bbox 594 997 704 1053; x_wconf 84' lang='lat' dir='ltr'><strong>adverso</strong></span> <span class='ocrx_word' id='word_1_25' title='bbox 717 998 815 1053; x_wconf 82' lang='lat' dir='ltr'><strong>cedens</strong></span> <span class='ocrx_word' id='word_1_26' title='bbox 832 1001 912 1053; x_wconf 68' lang='lat' dir='ltr'><strong>Canis</strong></span> <span class='ocrx_word' id='word_1_27' title='bbox 925 1002 1022 1053; x_wconf 75' lang='lat' dir='ltr'><strong>occidi!</strong></span> <span class='ocrx_word' id='word_1_28' title='bbox 1030 1009 1110 1055; x_wconf 79' lang='lat' dir='ltr'><strong>astro.</strong></span> 
     </span>
    </p>
   </div>
   <div class='ocr_carea' id='block_1_4' title="bbox 286 1147 1369 2530">
    <p class='ocr_par' dir='ltr' id='par_1_4' title="bbox 288 1147 1369 1718">
     <span class='ocr_line' id='line_1_6' title="bbox 290 1147 1368 1256; baseline 0.005 -31"><span class='ocrx_word' id='word_1_29' title='bbox 290 1148 372 1226; x_wconf 86' lang='lat' dir='ltr'><strong>Cod.</strong></span> <span class='ocrx_word' id='word_1_30' title='bbox 383 1149 516 1222; x_wconf 83' lang='lat' dir='ltr'><strong>Fames.</strong></span> <span class='ocrx_word' id='word_1_31' title='bbox 531 1147 631 1223; x_wconf 89' lang='lat' dir='ltr'><strong>lectio</strong></span> <span class='ocrx_word' id='word_1_32' title='bbox 643 1150 709 1249; x_wconf 85' lang='lat' dir='ltr'><strong>jam</strong></span> <span class='ocrx_word' id='word_1_33' title='bbox 719 1148 880 1225; x_wconf 86' lang='lat' dir='ltr'><strong>medelam</strong></span> <span class='ocrx_word' id='word_1_34' title='bbox 893 1148 1043 1224; x_wconf 83' lang='lat' dir='ltr'><strong>adlatura</strong></span> <span class='ocrx_word' id='word_1_35' title='bbox 1052 1169 1142 1225; x_wconf 87' lang='lat' dir='ltr'><strong>crat:</strong></span> <span class='ocrx_word' id='word_1_36' title='bbox 1156 1153 1267 1227; x_wconf 69' lang='lat' dir='ltr'><strong>occcidit</strong></span> <span class='ocrx_word' id='word_1_37' title='bbox 1277 1169 1368 1256; x_wconf 81' lang='lat' dir='ltr'><strong>utque</strong></span> 
     </span>
     <span class='ocr_line' id='line_1_7' title="bbox 288 1262 1369 1366; baseline 0.005 -29"><span class='ocrx_word' id='word_1_38' title='bbox 288 1265 381 1337; x_wconf 81' lang='lat' dir='ltr'><strong>conis.</strong></span> <span class='ocrx_word' id='word_1_39' title='bbox 399 1265 503 1364; x_wconf 86' lang='lat' dir='ltr'><strong>Neap.</strong></span> <span class='ocrx_word' id='word_1_40' title='bbox 518 1263 662 1362; x_wconf 82' lang='lat' dir='ltr'><strong>conjecit</strong></span> <span class='ocrx_word' id='word_1_41' title='bbox 677 1293 685 1338; x_wconf 72' lang='grc' dir='ltr'><strong>ε</strong></span> <span class='ocrx_word' id='word_1_42' title='bbox 703 1263 902 1366; x_wconf 76' lang='lat' dir='ltr'><strong>effugietque,</strong></span> <span class='ocrx_word' id='word_1_43' title='bbox 922 1262 978 1338; x_wconf 87' lang='lat' dir='ltr'><strong>alii</strong></span> <span class='ocrx_word' id='word_1_44' title='bbox 995 1265 1207 1366; x_wconf 72' lang='lat' dir='ltr'><strong>occulclurquc.</strong></span> <span class='ocrx_word' id='word_1_45' title='bbox 1224 1267 1289 1340; x_wconf 88' lang='lat' dir='ltr'><strong>Sed</strong></span> <span class='ocrx_word' id='word_1_46' title='bbox 1302 1269 1369 1342; x_wconf 91' lang='lat' dir='ltr'><strong>hoc</strong></span> 
     </span>
     <span class='ocr_line' id='line_1_8' title="bbox 290 1379 1369 1484; baseline 0.006 -33"><span class='ocrx_word' id='word_1_47' title='bbox 290 1380 407 1454; x_wconf 88' lang='lat' dir='ltr'><strong>vitium</strong></span> <span class='ocrx_word' id='word_1_48' title='bbox 420 1408 439 1453; x_wconf 90' lang='lat' dir='ltr'><strong>a</strong></span> <span class='ocrx_word' id='word_1_49' title='bbox 453 1397 552 1481; x_wconf 88' lang='lat' dir='ltr'><strong>poeta</strong></span> <span class='ocrx_word' id='word_1_50' title='bbox 568 1379 752 1456; x_wconf 88' lang='lat' dir='ltr'><strong>admissum</strong></span> <span class='ocrx_word' id='word_1_51' title='bbox 767 1409 855 1470; x_wconf 85' lang='lat' dir='ltr'><strong>esse,</strong></span> <span class='ocrx_word' id='word_1_52' title='bbox 875 1409 1071 1484; x_wconf 86' lang='lat' dir='ltr'><strong>persuasum</strong></span> <span class='ocrx_word' id='word_1_53' title='bbox 1082 1381 1166 1455; x_wconf 87' lang='lat' dir='ltr'><strong>mihi</strong></span> <span class='ocrx_word' id='word_1_54' title='bbox 1177 1399 1244 1468; x_wconf 85' lang='lat' dir='ltr'><strong>est,</strong></span> <span class='ocrx_word' id='word_1_55' title='bbox 1262 1401 1294 1457; x_wconf 89' lang='lat' dir='ltr'><strong>et</strong></span> <span class='ocrx_word' id='word_1_56' title='bbox 1304 1385 1369 1458; x_wconf 86' lang='lat' dir='ltr'><strong>sor·</strong></span> 
     </span>
     <span class='ocr_line' id='line_1_9' title="bbox 289 1494 1369 1598; baseline 0.006 -30"><span class='ocrx_word' id='word_1_57' title='bbox 289 1513 377 1571; x_wconf 85' lang='lat' dir='ltr'><strong>tasse</strong></span> <span class='ocrx_word' id='word_1_58' title='bbox 398 1494 540 1572; x_wconf 88' lang='lat' dir='ltr'><strong>aliorum</strong></span> <span class='ocrx_word' id='word_1_59' title='bbox 558 1495 765 1598; x_wconf 87' lang='lat' dir='ltr'><strong>populorum</strong></span> <span class='ocrx_word' id='word_1_60' title='bbox 788 1526 880 1572; x_wconf 86' lang='lat' dir='ltr'><strong>sacra</strong></span> <span class='ocrx_word' id='word_1_61' title='bbox 900 1497 943 1570; x_wconf 87' lang='lat' dir='ltr'><strong>ad</strong></span> <span class='ocrx_word' id='word_1_62' title='bbox 965 1497 1044 1571; x_wconf 86' lang='lat' dir='ltr'><strong>Sirii</strong></span> <span class='ocrx_word' id='word_1_63' title='bbox 1070 1516 1181 1572; x_wconf 89' lang='lat' dir='ltr'><strong>ortum</strong></span> <span class='ocrx_word' id='word_1_64' title='bbox 1204 1497 1369 1574; x_wconf 84' lang='lat' dir='ltr'><strong>celebrata</strong></span> 
     </span>
     <span class='ocr_line' id='line_1_10' title="bbox 288 1613 1162 1718; baseline 0.003 -30"><span class='ocrx_word' id='word_1_65' title='bbox 288 1615 383 1715; x_wconf 89' lang='lat' dir='ltr'><strong>(vid.</strong></span> <span class='ocrx_word' id='word_1_66' title='bbox 402 1644 474 1716; x_wconf 81' lang='lat' dir='ltr'><strong>quae</strong></span> <span class='ocrx_word' id='word_1_67' title='bbox 492 1644 592 1718; x_wconf 84' lang='lat' dir='ltr'><strong>supra</strong></span> <span class='ocrx_word' id='word_1_68' title='bbox 610 1615 765 1715; x_wconf 88' lang='lat' dir='ltr'><strong>adduxi)</strong></span> <span class='ocrx_word' id='word_1_69' title='bbox 784 1615 814 1690; x_wconf 89' lang='lat' dir='ltr'><strong>ei</strong></span> <span class='ocrx_word' id='word_1_70' title='bbox 831 1633 909 1690; x_wconf 88' lang='lat' dir='ltr'><strong>ante</strong></span> <span class='ocrx_word' id='word_1_71' title='bbox 925 1613 1043 1692; x_wconf 91' lang='lat' dir='ltr'><strong>oculos</strong></span> <span class='ocrx_word' id='word_1_72' title='bbox 1060 1635 1162 1691; x_wconf 88' lang='lat' dir='ltr'><strong>eraut.</strong></span> 
     </span>
    </p>

    <p class='ocr_par' dir='ltr' id='par_1_5' title="bbox 339 1734 821 1835">
     <span class='ocr_line' id='line_1_11' title="bbox 339 1734 821 1835; baseline 0.006 -30"><span class='ocrx_word' id='word_1_73' title='bbox 339 1737 389 1828; x_wconf 65' lang='lat'><strong>[4⁰.</strong></span> <span class='ocrx_word' id='word_1_74' title='bbox 407 1737 450 1823; x_wconf 89' lang='lat' dir='ltr'><strong>V,</strong></span> <span class='ocrx_word' id='word_1_75' title='bbox 470 1735 540 1835; x_wconf 86' lang='lat'><strong>723</strong></span> <span class='ocrx_word' id='word_1_76' title='bbox 557 1735 573 1833; x_wconf 95' lang='lat'>(</span> <span class='ocrx_word' id='word_1_77' title='bbox 589 1734 621 1808; x_wconf 93' lang='lat' dir='ltr'><strong>d.</strong></span> <span class='ocrx_word' id='word_1_78' title='bbox 643 1761 688 1808; x_wconf 82' lang='lat'><strong>22</strong></span> <span class='ocrx_word' id='word_1_79' title='bbox 706 1735 787 1809; x_wconf 86' lang='lat' dir='ltr'><strong>Mai.</strong></span> <span class='ocrx_word' id='word_1_80' title='bbox 806 1735 821 1834; x_wconf 94' lang='lat'>)</span> 
     </span>
    </p>

    <p class='ocr_par' dir='ltr' id='par_1_6' title="bbox 286 1850 1368 2530">
     <span class='ocr_line' id='line_1_12' title="bbox 335 1850 1367 1953; baseline 0.002 -29"><span class='ocrx_word' id='word_1_81' title='bbox 335 1851 444 1926; x_wconf 85' lang='lat' dir='ltr'><strong>Nocte</strong></span> <span class='ocrx_word' id='word_1_82' title='bbox 463 1869 620 1953; x_wconf 86' lang='lat' dir='ltr'><strong>sequente</strong></span> <span class='ocrx_word' id='word_1_83' title='bbox 638 1853 725 1927; x_wconf 83' lang='lat' dir='ltr'><strong>diem</strong></span> <span class='ocrx_word' id='word_1_84' title='bbox 746 1850 838 1927; x_wconf 86' lang='lat' dir='ltr'><strong>canis</strong></span> <span class='ocrx_word' id='word_1_85' title='bbox 855 1851 1057 1948; x_wconf 79' lang='lat' dir='ltr'><strong>Erigoneius</strong></span> <span class='ocrx_word' id='word_1_86' title='bbox 1072 1853 1147 1926; x_wconf 78' lang='lat' dir='ltr'><strong>exit.</strong></span> <span class='ocrx_word' id='word_1_87' title='bbox 1169 1852 1205 1927; x_wconf 92' lang='lat' dir='ltr'><strong>Si</strong></span> <span class='ocrx_word' id='word_1_88' title='bbox 1221 1880 1297 1928; x_wconf 88' lang='lat' dir='ltr'><strong>cum</strong></span> <span class='ocrx_word' id='word_1_89' title='bbox 1314 1855 1367 1926; x_wconf 90' lang='lat' dir='ltr'><strong>iu-</strong></span> 
     </span>
     <span class='ocr_line' id='line_1_13' title="bbox 288 1966 1368 2070; baseline -0.003 -28"><span class='ocrx_word' id='word_1_90' title='bbox 288 1967 492 2070; x_wconf 84' lang='lat' dir='ltr'><strong>terpretibus</strong></span> <span class='ocrx_word' id='word_1_91' title='bbox 511 1966 632 2056; x_wconf 80' lang='lat' dir='ltr'><strong>facias,</strong></span> <span class='ocrx_word' id='word_1_92' title='bbox 656 1966 750 2042; x_wconf 89' lang='lat' dir='ltr'><strong>locus</strong></span> <span class='ocrx_word' id='word_1_93' title='bbox 772 1985 885 2068; x_wconf 85' lang='lat' dir='ltr'><strong>aperte</strong></span> <span class='ocrx_word' id='word_1_94' title='bbox 905 1966 1009 2042; x_wconf 90' lang='lat' dir='ltr'><strong>salsus</strong></span> <span class='ocrx_word' id='word_1_95' title='bbox 1035 1985 1095 2042; x_wconf 88' lang='lat' dir='ltr'><strong>est.</strong></span> <span class='ocrx_word' id='word_1_96' title='bbox 1123 1968 1169 2040; x_wconf 88' lang='lat' dir='ltr'><strong>Hi</strong></span> <span class='ocrx_word' id='word_1_97' title='bbox 1196 1968 1285 2042; x_wconf 88' lang='lat' dir='ltr'><strong>euim</strong></span> <span class='ocrx_word' id='word_1_98' title='bbox 1301 1972 1368 2041; x_wconf 77' lang='lat' dir='ltr'><strong>exit</strong></span> 
     </span>
     <span class='ocr_line' id='line_1_14' title="bbox 288 2080 1367 2184; baseline -0.003 -25"><span class='ocrx_word' id='word_1_99' title='bbox 288 2111 441 2184; x_wconf 88' lang='lat' dir='ltr'><strong>accepere</strong></span> <span class='ocrx_word' id='word_1_100' title='bbox 459 2111 521 2184; x_wconf 86' lang='lat' dir='ltr'><strong>pro</strong></span> <span class='ocrx_word' id='word_1_101' title='bbox 537 2082 655 2167; x_wconf 73' lang='lat' dir='ltr'><strong>utitur,</strong></span> <span class='ocrx_word' id='word_1_102' title='bbox 676 2100 715 2155; x_wconf 93' lang='lat' dir='ltr'><strong>ut</strong></span> <span class='ocrx_word' id='word_1_103' title='bbox 731 2080 899 2158; x_wconf 87' lang='lat' dir='ltr'><strong>similibus</strong></span> <span class='ocrx_word' id='word_1_104' title='bbox 916 2081 999 2158; x_wconf 90' lang='lat' dir='ltr'><strong>locis</strong></span> <span class='ocrx_word' id='word_1_105' title='bbox 1015 2086 1081 2172; x_wconf 84' lang='lat' dir='ltr'><strong>VI,</strong></span> <span class='ocrx_word' id='word_1_106' title='bbox 1102 2085 1195 2182; x_wconf 74' lang='grc'><strong>474,</strong></span> <span class='ocrx_word' id='word_1_107' title='bbox 1213 2083 1367 2158; x_wconf 72' lang='lat' dir='ltr'><strong>exilEois</strong></span> 
     </span>
     <span class='ocr_line' id='line_1_15' title="bbox 286 2196 1366 2301; baseline 0 -28"><span class='ocrx_word' id='word_1_108' title='bbox 286 2201 374 2301; x_wconf 79' lang='lat' dir='ltr'><strong>aquis</strong></span> <span class='ocrx_word' id='word_1_109' title='bbox 396 2231 408 2271; x_wconf 89' lang='lat'><em>:</em></span> <span class='ocrx_word' id='word_1_110' title='bbox 431 2198 490 2272; x_wconf 89' lang='lat' dir='ltr'><strong>sed</strong></span> <span class='ocrx_word' id='word_1_111' title='bbox 513 2214 608 2271; x_wconf 86' lang='lat' dir='ltr'><strong>ortus</strong></span> <span class='ocrx_word' id='word_1_112' title='bbox 629 2197 671 2270; x_wconf 91' lang='lat' dir='ltr'><strong>ab</strong></span> <span class='ocrx_word' id='word_1_113' title='bbox 693 2197 760 2270; x_wconf 93' lang='lat' dir='ltr'><strong>hoc</strong></span> <span class='ocrx_word' id='word_1_114' title='bbox 783 2196 858 2272; x_wconf 92' lang='lat' dir='ltr'><strong>loco</strong></span> <span class='ocrx_word' id='word_1_115' title='bbox 885 2197 1107 2275; x_wconf 84' lang='lat' dir='ltr'><strong>alienissimus</strong></span> <span class='ocrx_word' id='word_1_116' title='bbox 1129 2220 1188 2276; x_wconf 88' lang='lat' dir='ltr'><strong>est</strong></span> <span class='ocrx_word' id='word_1_117' title='bbox 1213 2204 1254 2274; x_wconf 94' lang='lat' dir='ltr'><strong>lu</strong></span> <span class='ocrx_word' id='word_1_118' title='bbox 1276 2203 1366 2276; x_wconf 85' lang='lat' dir='ltr'><strong>huuc</strong></span> 
     </span>
     <span class='ocr_line' id='line_1_16' title="bbox 287 2313 1363 2417; baseline 0.004 -28"><span class='ocrx_word' id='word_1_119' title='bbox 287 2316 399 2417; x_wconf 89' lang='lat' dir='ltr'><strong>ipsum</strong></span> <span class='ocrx_word' id='word_1_120' title='bbox 413 2313 501 2387; x_wconf 88' lang='lat' dir='ltr'><strong>diem</strong></span> <span class='ocrx_word' id='word_1_121' title='bbox 517 2313 637 2387; x_wconf 87' lang='lat' dir='ltr'><strong>incidit</strong></span> <span class='ocrx_word' id='word_1_122' title='bbox 653 2340 779 2387; x_wconf 83' lang='lat' dir='ltr'><strong>occasus</strong></span> <span class='ocrx_word' id='word_1_123' title='bbox 792 2315 860 2415; x_wconf 80' lang='lat' dir='ltr'><strong>ejus</strong></span> <span class='ocrx_word' id='word_1_124' title='bbox 871 2313 1008 2390; x_wconf 70' lang='lat' dir='ltr'><strong>deducus</strong></span> <span class='ocrx_word' id='word_1_125' title='bbox 1019 2317 1118 2391; x_wconf 86' lang='lat' dir='ltr'><strong>Tauc.</strong></span> <span class='ocrx_word' id='word_1_126' title='bbox 1142 2329 1223 2416; x_wconf 82' lang='lat'><strong>29⁰,</strong></span> <span class='ocrx_word' id='word_1_127' title='bbox 1251 2343 1273 2389; x_wconf 88' lang='lat'>2</span> <span class='ocrx_word' id='word_1_128' title='bbox 1288 2349 1296 2406; x_wconf 90' lang='lat'>;</span> <span class='ocrx_word' id='word_1_129' title='bbox 1322 2321 1363 2393; x_wconf 88' lang='lat' dir='ltr'><strong>cs.</strong></span> 
     </span>
     <span class='ocr_line' id='line_1_17' title="bbox 287 2425 1366 2530; baseline 0.004 -28"><span class='ocrx_word' id='word_1_130' title='bbox 287 2428 375 2502; x_wconf 87' lang='lat' dir='ltr'><strong>Plin.</strong></span> <span class='ocrx_word' id='word_1_131' title='bbox 391 2429 529 2516; x_wconf 87' lang='lat' dir='ltr'>XVIII,</span> <span class='ocrx_word' id='word_1_132' title='bbox 550 2453 594 2528; x_wconf 85' lang='lat'><strong>27</strong></span> <span class='ocrx_word' id='word_1_133' title='bbox 614 2456 640 2502; x_wconf 89' lang='lat' dir='ltr'><strong>s.</strong></span> <span class='ocrx_word' id='word_1_134' title='bbox 660 2425 728 2528; x_wconf 86' lang='lat'><strong>67,</strong></span> <span class='ocrx_word' id='word_1_135' title='bbox 746 2446 780 2501; x_wconf 87' lang='lat' dir='ltr'><strong>ct</strong></span> <span class='ocrx_word' id='word_1_136' title='bbox 792 2428 933 2503; x_wconf 88' lang='lat' dir='ltr'><strong>Ptolem.</strong></span> <span class='ocrx_word' id='word_1_137' title='bbox 952 2428 995 2503; x_wconf 86' lang='lat' dir='ltr'><strong>ad</strong></span> <span class='ocrx_word' id='word_1_138' title='bbox 1012 2429 1043 2502; x_wconf 90' lang='lat' dir='ltr'><strong>d.</strong></span> <span class='ocrx_word' id='word_1_139' title='bbox 1065 2455 1128 2530; x_wconf 84' lang='lat'><strong>27,</strong></span> <span class='ocrx_word' id='word_1_140' title='bbox 1143 2440 1278 2529; x_wconf 79' lang='grc' dir='ltr'><strong>προκύων</strong></span> <span class='ocrx_word' id='word_1_141' title='bbox 1296 2442 1366 2530; x_wconf 61' lang='lat' dir='ltr'><strong>god</strong></span> 
     </span>
    </p>
   </div>
   <div class='ocr_carea' id='block_1_5' title="bbox 287 2543 1368 3115">
    <p class='ocr_par' dir='ltr' id='par_1_7' title="bbox 287 2543 1368 3115">
     <span class='ocr_line' id='line_1_18' title="bbox 287 2543 1365 2649; baseline 0 -26"><span class='ocrx_word' id='word_1_142' title='bbox 287 2577 397 2623; x_wconf 81' lang='grc' dir='ltr'><strong>πτεταε.</strong></span> <span class='ocrx_word' id='word_1_143' title='bbox 409 2544 582 2643; x_wconf 80' lang='lat' dir='ltr'><strong>Quaeritur</strong></span> <span class='ocrx_word' id='word_1_144' title='bbox 597 2543 725 2646; x_wconf 88' lang='lat' dir='ltr'><strong>itaque,</strong></span> <span class='ocrx_word' id='word_1_145' title='bbox 743 2574 829 2620; x_wconf 87' lang='lat' dir='ltr'><strong>aune</strong></span> <span class='ocrx_word' id='word_1_146' title='bbox 846 2546 957 2621; x_wconf 83' lang='lat' dir='ltr'><strong>verius</strong></span> <span class='ocrx_word' id='word_1_147' title='bbox 969 2545 1016 2620; x_wconf 91' lang='lat' dir='ltr'><strong>ita</strong></span> <span class='ocrx_word' id='word_1_148' title='bbox 1032 2545 1239 2644; x_wconf 88' lang='lat' dir='ltr'><strong>intelligatur</strong></span> <span class='ocrx_word' id='word_1_149' title='bbox 1249 2569 1365 2649; x_wconf 87' lang='lat' dir='ltr'><strong>poeta,</strong></span> 
     </span>
     <span class='ocr_line' id='line_1_19' title="bbox 287 2657 1365 2766; baseline -0.001 -25"><span class='ocrx_word' id='word_1_150' title='bbox 287 2684 327 2741; x_wconf 91' lang='lat' dir='ltr'><strong>ut</strong></span> <span class='ocrx_word' id='word_1_151' title='bbox 342 2665 410 2739; x_wconf 73' lang='lat' dir='ltr'><strong>exit</strong></span> <span class='ocrx_word' id='word_1_152' title='bbox 427 2662 496 2737; x_wconf 89' lang='lat' dir='ltr'><strong>sit:</strong></span> <span class='ocrx_word' id='word_1_153' title='bbox 517 2660 647 2735; x_wconf 87' lang='lat' dir='ltr'><strong>decedit</strong></span> <span class='ocrx_word' id='word_1_154' title='bbox 665 2657 704 2734; x_wconf 92' lang='lat' dir='ltr'><strong>de</strong></span> <span class='ocrx_word' id='word_1_155' title='bbox 722 2660 793 2735; x_wconf 83' lang='lat' dir='ltr'><strong>caeli</strong></span> <span class='ocrx_word' id='word_1_156' title='bbox 816 2661 981 2750; x_wconf 86' lang='lat' dir='ltr'><strong>statione,</strong></span> <span class='ocrx_word' id='word_1_157' title='bbox 1001 2660 1132 2758; x_wconf 78' lang='lat' dir='ltr'><strong>aufugit</strong></span> <span class='ocrx_word' id='word_1_158' title='bbox 1152 2693 1190 2736; x_wconf 81' lang='lat' dir='ltr'><strong>cx</strong></span> <span class='ocrx_word' id='word_1_159' title='bbox 1211 2683 1365 2766; x_wconf 85' lang='lat' dir='ltr'><strong>aspectu,</strong></span> 
     </span>
     <span class='ocr_line' id='line_1_20' title="bbox 287 2773 1368 2878; baseline 0.002 -25"><span class='ocrx_word' id='word_1_160' title='bbox 287 2781 400 2878; x_wconf 88' lang='lat' dir='ltr'><strong>itaque</strong></span> <span class='ocrx_word' id='word_1_161' title='bbox 416 2773 543 2860; x_wconf 73' lang='lat' dir='ltr'><strong>occilit,</strong></span> <span class='ocrx_word' id='word_1_162' title='bbox 571 2775 632 2848; x_wconf 92' lang='lat' dir='ltr'><strong>etsi</strong></span> <span class='ocrx_word' id='word_1_163' title='bbox 650 2773 743 2849; x_wconf 87' lang='lat' dir='ltr'><strong>valde</strong></span> <span class='ocrx_word' id='word_1_164' title='bbox 762 2774 915 2874; x_wconf 85' lang='lat' dir='ltr'><strong>ambigue</strong></span> <span class='ocrx_word' id='word_1_165' title='bbox 933 2776 1059 2850; x_wconf 89' lang='lat' dir='ltr'><strong>dictum</strong></span> <span class='ocrx_word' id='word_1_166' title='bbox 1077 2795 1153 2867; x_wconf 84' lang='lat' dir='ltr'><strong>est,</strong></span> <span class='ocrx_word' id='word_1_167' title='bbox 1177 2797 1209 2852; x_wconf 88' lang='lat' dir='ltr'><strong>et</strong></span> <span class='ocrx_word' id='word_1_168' title='bbox 1227 2779 1268 2853; x_wconf 89' lang='lat' dir='ltr'><strong>de</strong></span> <span class='ocrx_word' id='word_1_169' title='bbox 1288 2799 1368 2855; x_wconf 87' lang='lat' dir='ltr'><strong>ortu</strong></span> 
     </span>
     <span class='ocr_line' id='line_1_21' title="bbox 289 2890 1366 2995; baseline 0 -24"><span class='ocrx_word' id='word_1_170' title='bbox 289 2895 371 2971; x_wconf 91' lang='lat' dir='ltr'><strong>alibi</strong></span> <span class='ocrx_word' id='word_1_171' title='bbox 386 2894 517 2995; x_wconf 77' lang='lat' dir='ltr'><strong>&#39;sapius</strong></span> <span class='ocrx_word' id='word_1_172' title='bbox 535 2892 668 2966; x_wconf 88' lang='lat' dir='ltr'><strong>dicitur.</strong></span> <span class='ocrx_word' id='word_1_173' title='bbox 695 2893 734 2965; x_wconf 91' lang='lat' dir='ltr'><strong>Iu</strong></span> <span class='ocrx_word' id='word_1_174' title='bbox 756 2890 832 2966; x_wconf 93' lang='lat' dir='ltr'><strong>loco</strong></span> <span class='ocrx_word' id='word_1_175' title='bbox 848 2908 1020 2993; x_wconf 87' lang='lat' dir='ltr'><strong>sequente,</strong></span> <span class='ocrx_word' id='word_1_176' title='bbox 1039 2923 1109 2967; x_wconf 90' lang='lat' dir='ltr'><strong>uou</strong></span> <span class='ocrx_word' id='word_1_177' title='bbox 1124 2922 1262 2994; x_wconf 87' lang='lat' dir='ltr'><strong>possum</strong></span> <span class='ocrx_word' id='word_1_178' title='bbox 1279 2927 1366 2972; x_wconf 87' lang='lat' dir='ltr'><strong>ame</strong></span> 
     </span>
     <span class='ocr_line' id='line_1_22' title="bbox 287 3008 1209 3115; baseline -0.002 -29"><span class='ocrx_word' id='word_1_179' title='bbox 287 3014 479 3115; x_wconf 85' lang='lat' dir='ltr'><strong>impetrare,</strong></span> <span class='ocrx_word' id='word_1_180' title='bbox 499 3009 580 3112; x_wconf 85' lang='lat' dir='ltr'><strong>quin</strong></span> <span class='ocrx_word' id='word_1_181' title='bbox 597 3009 799 3082; x_wconf 86' lang='lat' dir='ltr'><strong>contrarium</strong></span> <span class='ocrx_word' id='word_1_182' title='bbox 816 3009 1017 3085; x_wconf 85' lang='lat' dir='ltr'><strong>contendere</strong></span> <span class='ocrx_word' id='word_1_183' title='bbox 1027 3008 1209 3086; x_wconf 83' lang='lat' dir='ltr'><strong>maluerim.</strong></span> 
     </span>
    </p>
   </div>
   <div class='ocr_carea' id='block_1_6' title="bbox 340 3121 863 3227">
    <p class='ocr_par' dir='ltr' id='par_1_8' title="bbox 340 3121 863 3227">
     <span class='ocr_line' id='line_1_23' title="bbox 340 3121 863 3227; baseline -0.006 -29"><span class='ocrx_word' id='word_1_184' title='bbox 340 3121 863 3227; x_wconf 80' lang='lat' dir='ltr'><strong>5⁰.111‚711(d.16Mart.)</strong></span> 
     </span>
    </p>
   </div>
   <div class='ocr_carea' id='block_1_7' title="bbox 422 3306 1125 3543">
    <p class='ocr_par' dir='ltr' id='par_1_9' title="bbox 422 3306 1125 3543">
     <span class='ocr_line' id='line_1_24' title="bbox 422 3306 1125 3379; baseline -0.004 -15"><span class='ocrx_word' id='word_1_185' title='bbox 422 3309 532 3364; x_wconf 79' lang='lat' dir='ltr'><strong>Postera</strong></span> <span class='ocrx_word' id='word_1_186' title='bbox 547 3327 630 3379; x_wconf 89' lang='lat' dir='ltr'><strong>quum</strong></span> <span class='ocrx_word' id='word_1_187' title='bbox 646 3318 751 3362; x_wconf 81' lang='lat' dir='ltr'><strong>teneras</strong></span> <span class='ocrx_word' id='word_1_188' title='bbox 764 3306 869 3360; x_wconf 72' lang='lat' dir='ltr'><strong>Aurora</strong></span> <span class='ocrx_word' id='word_1_189' title='bbox 880 3306 1004 3361; x_wconf 75' lang='lat' dir='ltr'><strong>refecerit</strong></span> <span class='ocrx_word' id='word_1_190' title='bbox 1014 3306 1125 3372; x_wconf 81' lang='lat' dir='ltr'><strong>herbas,</strong></span> 
     </span>
     <span class='ocr_line' id='line_1_25' title="bbox 472 3395 1023 3469; baseline -0.002 -17"><span class='ocrx_word' id='word_1_191' title='bbox 472 3397 598 3468; x_wconf 79' lang='lat' dir='ltr'><strong>Scorpius</strong></span> <span class='ocrx_word' id='word_1_192' title='bbox 610 3417 625 3450; x_wconf 88' lang='lat' dir='ltr'><strong>a</strong></span> <span class='ocrx_word' id='word_1_193' title='bbox 638 3398 723 3469; x_wconf 79' lang='lat' dir='ltr'><strong>prima</strong></span> <span class='ocrx_word' id='word_1_194' title='bbox 735 3408 809 3468; x_wconf 82' lang='lat' dir='ltr'><strong>parte</strong></span> <span class='ocrx_word' id='word_1_195' title='bbox 822 3395 952 3450; x_wconf 83' lang='lat' dir='ltr'><strong>videndus</strong></span> <span class='ocrx_word' id='word_1_196' title='bbox 964 3396 1023 3452; x_wconf 86' lang='lat' dir='ltr'><strong>erit.</strong></span> 
     </span>
     <span class='ocr_line' id='line_1_26' title="bbox 720 3487 1023 3543; baseline -0.003 -2"><span class='ocrx_word' id='word_1_197' title='bbox 720 3492 806 3542; x_wconf 75' lang='lat' dir='ltr'><strong>als&#39;as:</strong></span> <span class='ocrx_word' id='word_1_198' title='bbox 818 3487 951 3543; x_wconf 78' lang='lat' dir='ltr'><strong>notandus</strong></span> <span class='ocrx_word' id='word_1_199' title='bbox 965 3489 1023 3542; x_wconf 81' lang='lat' dir='ltr'><strong>erit.</strong></span> 
     </span>
    </p>
   </div>
   <div class='ocr_carea' id='block_1_8' title="bbox 290 3640 1368 4093">
    <p class='ocr_par' dir='ltr' id='par_1_10' title="bbox 290 3640 1368 4093">
     <span class='ocr_line' id='line_1_27' title="bbox 339 3640 1367 3744; baseline -0.002 -26"><span class='ocrx_word' id='word_1_200' title='bbox 339 3647 489 3744; x_wconf 82' lang='lat' dir='ltr'><strong>Utraque</strong></span> <span class='ocrx_word' id='word_1_201' title='bbox 507 3641 607 3715; x_wconf 87' lang='lat' dir='ltr'><strong>lectio</strong></span> <span class='ocrx_word' id='word_1_202' title='bbox 625 3658 738 3743; x_wconf 83' lang='lat' dir='ltr'><strong>aperte</strong></span> <span class='ocrx_word' id='word_1_203' title='bbox 757 3659 869 3715; x_wconf 79' lang='lat' dir='ltr'><strong>ortum</strong></span> <span class='ocrx_word' id='word_1_204' title='bbox 890 3640 973 3714; x_wconf 90' lang='lat' dir='ltr'><strong>mihi</strong></span> <span class='ocrx_word' id='word_1_205' title='bbox 990 3641 1135 3717; x_wconf 80' lang='lat' dir='ltr'><strong>iudicare</strong></span> <span class='ocrx_word' id='word_1_206' title='bbox 1157 3641 1311 3729; x_wconf 60' lang='lat' dir='ltr'><strong>videtum</strong></span> <span class='ocrx_word' id='word_1_207' title='bbox 1334 3662 1367 3718; x_wconf 87' lang='lat' dir='ltr'><strong>et</strong></span> 
     </span>
     <span class='ocr_line' id='line_1_28' title="bbox 291 3753 1367 3857; baseline -0.002 -24"><span class='ocrx_word' id='word_1_208' title='bbox 291 3758 412 3835; x_wconf 87' lang='lat' dir='ltr'><strong>dubito</strong></span> <span class='ocrx_word' id='word_1_209' title='bbox 436 3787 479 3833; x_wconf 87' lang='lat' dir='ltr'><strong>au</strong></span> <span class='ocrx_word' id='word_1_210' title='bbox 504 3787 522 3832; x_wconf 89' lang='lat' dir='ltr'><strong>e</strong></span> <span class='ocrx_word' id='word_1_211' title='bbox 543 3753 654 3830; x_wconf 84' lang='lat' dir='ltr'><strong>verbis</strong></span> <span class='ocrx_word' id='word_1_212' title='bbox 678 3754 770 3829; x_wconf 86' lang='lat' dir='ltr'><strong>aliud</strong></span> <span class='ocrx_word' id='word_1_213' title='bbox 794 3755 876 3856; x_wconf 90' lang='lat' dir='ltr'><strong>quid</strong></span> <span class='ocrx_word' id='word_1_214' title='bbox 894 3754 969 3830; x_wconf 91' lang='lat' dir='ltr'><strong>elici</strong></span> <span class='ocrx_word' id='word_1_215' title='bbox 997 3757 1116 3857; x_wconf 84' lang='lat' dir='ltr'><strong>possit.</strong></span> <span class='ocrx_word' id='word_1_216' title='bbox 1147 3757 1367 3831; x_wconf 84' lang='lat' dir='ltr'><strong>Indicaudum</strong></span> 
     </span>
     <span class='ocr_line' id='line_1_29' title="bbox 290 3875 1367 3974; baseline -0.003 -22"><span class='ocrx_word' id='word_1_217' title='bbox 290 3879 391 3955; x_wconf 86' lang='lat' dir='ltr'><strong>luisse</strong></span> <span class='ocrx_word' id='word_1_218' title='bbox 408 3905 547 3952; x_wconf 79' lang='lat' dir='ltr'><strong>occasum</strong></span> <span class='ocrx_word' id='word_1_219' title='bbox 560 3876 762 3950; x_wconf 86' lang='lat' dir='ltr'><strong>matutinum</strong></span> <span class='ocrx_word' id='word_1_220' title='bbox 770 3875 940 3974; x_wconf 75' lang='lat' dir='ltr'><strong>pnioonun</strong></span> <span class='ocrx_word' id='word_1_221' title='bbox 951 3876 1123 3962; x_wconf 81' lang='lat' dir='ltr'><strong>stellarum,</strong></span> <span class='ocrx_word' id='word_1_222' title='bbox 1141 3905 1210 3949; x_wconf 90' lang='lat' dir='ltr'><strong>uon</strong></span> <span class='ocrx_word' id='word_1_223' title='bbox 1226 3875 1367 3949; x_wconf 90' lang='lat' dir='ltr'><strong>dubium</strong></span> 
     </span>
     <span class='ocr_line' id='line_1_30' title="bbox 292 3993 1368 4093; baseline -0.003 -25"><span class='ocrx_word' id='word_1_224' title='bbox 292 4013 351 4070; x_wconf 89' lang='lat' dir='ltr'><strong>est.</strong></span> <span class='ocrx_word' id='word_1_225' title='bbox 373 3999 584 4070; x_wconf 85' lang='lat' dir='ltr'><strong>Euctemon:</strong></span> <span class='ocrx_word' id='word_1_226' title='bbox 603 4005 654 4070; x_wconf 84' lang='grc' dir='ltr'><strong>τοῦ</strong></span> <span class='ocrx_word' id='word_1_227' title='bbox 677 3999 817 4088; x_wconf 81' lang='grc' dir='ltr'><strong>σκορπίου</strong></span> <span class='ocrx_word' id='word_1_228' title='bbox 844 4000 872 4063; x_wconf 79' lang='grc' dir='ltr'><strong>οἱ</strong></span> <span class='ocrx_word' id='word_1_229' title='bbox 894 4007 1004 4088; x_wconf 75' lang='grc' dir='ltr'>πρῶτοι</span> <span class='ocrx_word' id='word_1_230' title='bbox 1027 4003 1146 4093; x_wconf 82' lang='grc' dir='ltr'><strong>ἀστέρες</strong></span> <span class='ocrx_word' id='word_1_231' title='bbox 1170 3998 1300 4066; x_wconf 79' lang='grc' dir='ltr'><strong>δύνουσι.</strong></span> <span class='ocrx_word' id='word_1_232' title='bbox 1321 3993 1368 4065; x_wconf 84' lang='lat' dir='ltr'><strong>Et</strong></span> 
     </span>
    </p>
   </div>
   <div class='ocr_carea' id='block_1_9' title="bbox 290 4107 1367 4326">
    <p class='ocr_par' dir='ltr' id='par_1_11' title="bbox 290 4107 1367 4326">
     <span class='ocr_line' id='line_1_31' title="bbox 291 4107 1367 4210; baseline -0.004 -25"><span class='ocrx_word' id='word_1_233' title='bbox 291 4113 338 4185; x_wconf 88' lang='lat' dir='ltr'><strong>ita</strong></span> <span class='ocrx_word' id='word_1_234' title='bbox 357 4110 541 4185; x_wconf 80' lang='lat' dir='ltr'><strong>Columella</strong></span> <span class='ocrx_word' id='word_1_235' title='bbox 556 4127 591 4183; x_wconf 90' lang='lat' dir='ltr'><strong>et</strong></span> <span class='ocrx_word' id='word_1_236' title='bbox 615 4109 755 4184; x_wconf 89' lang='lat' dir='ltr'><strong>Plinius.</strong></span> <span class='ocrx_word' id='word_1_237' title='bbox 782 4111 849 4196; x_wconf 86' lang='lat' dir='ltr'><strong>IV,</strong></span> <span class='ocrx_word' id='word_1_238' title='bbox 878 4107 947 4180; x_wconf 81' lang='lat'><strong>163</strong></span> <span class='ocrx_word' id='word_1_239' title='bbox 971 4111 1036 4209; x_wconf 89' lang='lat' dir='ltr'><strong>(d.</strong></span> <span class='ocrx_word' id='word_1_240' title='bbox 1060 4139 1074 4184; x_wconf 88' lang='lat'>1</span> <span class='ocrx_word' id='word_1_241' title='bbox 1096 4108 1238 4210; x_wconf 76' lang='lat' dir='ltr'><strong>April.)</strong></span> <span class='ocrx_word' id='word_1_242' title='bbox 1262 4109 1367 4184; x_wconf 88' lang='lat' dir='ltr'><strong>totius</strong></span> 
     </span>
     <span class='ocr_line' id='line_1_32' title="bbox 290 4225 948 4326; baseline -0.006 -24"><span class='ocrx_word' id='word_1_243' title='bbox 290 4226 406 4303; x_wconf 81' lang='lat' dir='ltr'><strong>sideris</strong></span> <span class='ocrx_word' id='word_1_244' title='bbox 423 4254 557 4302; x_wconf 87' lang='lat' dir='ltr'><strong>occasus</strong></span> <span class='ocrx_word' id='word_1_245' title='bbox 573 4225 758 4302; x_wconf 89' lang='lat' dir='ltr'><strong>matutinus</strong></span> <span class='ocrx_word' id='word_1_246' title='bbox 774 4225 948 4326; x_wconf 87' lang='lat' dir='ltr'><strong>sequitur:</strong></span> 
     </span>
    </p>
   </div>
   <div class='ocr_carea' id='block_1_10' title="bbox 0 0 1518 5009">
    <p class='ocr_par' dir='ltr' id='par_1_12' title="bbox 0 0 1518 5009">
     <span class='ocr_line' id='line_1_33' title="bbox 0 0 1518 5009; baseline 0 0"><span class='ocrx_word' id='word_1_247' title='bbox 0 0 1518 5009; x_wconf 95' lang='lat' dir='ltr'><strong> </strong></span> 
     </span>
    </p>
   </div>
  </div>
 </body>
</html>
