3025 5009
215 3448 217 3453 .
290 3404 427 3463 81s.;eon

293 504 334 569 52
565 494 604 558 r.
637 484 821 556 ovrnn
847 465 1080 551 Nasours

292 643 360 716 Ara
378 637 478 712 dabat
495 633 625 718 fumos,
640 628 757 702 herbis
774 640 931 699 contenta
947 622 1100 710 Sabinis,

340 758 386 829 Et
402 780 471 825 nou
487 747 606 843 exiguo
623 744 736 817 laurus
753 739 872 814 adusta
888 766 983 813 sono.

292 874 328 948 Si
349 872 424 974 quis
441 884 527 954 erat,
546 861 641 937 luctis
657 858 743 962 prati
762 856 802 930 de
819 855 900 929 llore
915 852 1049 928 coronis

331 989 412 1089 Qui
429 998 544 1089 posset
556 977 661 1053 violas
676 974 814 1060 addere,
834 970 925 1044 dives
941 985 1020 1042 erat

293 1109 377 1193 llic,
397 1104 455 1206 qui
472 1126 560 1173 nune
577 1093 684 1195 aperit
699 1087 849 1194 percussi
865 1086 989 1158 viscera
1008 1080 1115 1170 tauri,

341 1206 500 1297 tesseris
517 1210 648 1287 nullum
664 1206 772 1281 culter
786 1202 933 1277 babebat
952 1228 1048 1300 opus.

292 1341 410 1417 Prima
421 1336 521 1409 Ceres
538 1326 639 1401 avidae
655 1321 767 1419 gavisa
782 1336 834 1394 est
849 1316 1010 1413 sanguine
1027 1340 1153 1416 poree,

339 1452 419 1528 Ulta
434 1475 510 1523 suas
526 1441 643 1518 merita
661 1437 745 1511 caede
764 1432 915 1508 nocentis
931 1458 1021 1531 opes.
1308 1446 1370 1522 εει»1

290 1575 377 1647 Nam
394 1582 482 1652 sata,
501 1588 575 1635 vere
593 1583 681 1629 novo
701 1550 822 1625 teneris
839 1546 995 1621 lactentia
1012 1544 1138 1629 succis,

338 1688 444 1759 Eruta
461 1679 609 1775 setigerae
623 1667 786 1769 comperit
801 1693 858 1738 ore
873 1662 953 1737 suis.

290 1806 356 1879 Sus
374 1798 509 1873 dederat
526 1816 662 1895 poeuas;
685 1780 837 1883 exemplo
859 1779 993 1853 territus
1008 1777 1108 1875 liujus

340 1916 481 1993 Palmite
496 1910 657 1985 debueras
674 1898 893 1983 abstinuisse,
912 1921 1021 1994 caper.

292 2038 403 2135 Quem
420 2044 572 2131 spectans
588 2018 709 2121 aliquis
729 2016 844 2090 dentes
862 2012 898 2084 in
915 2011 981 2082 vite
998 2022 1219 2109 prementem,
1311 2021 1366 2075 355

323 2230 379 2297 343.
392 2228 485 2279 Herbis
496 2214 684 2275 Sabaitis-Plio.
696 2210 801 2275 XXIV,
851 2227 865 2253 s
877 2204 940 2273 rigia
956 2212 1041 2268 suut,
1061 2198 1133 2268 quod
1155 2194 1234 2251 initiis
1255 2194 1367 2248 Cereris

288 2312 331 2365 br.
351 2330 366 2355 ι(
386 2303 478 2359 Herbe
496 2297 615 2360 Sabina,
636 2290 730 2362 brathy
750 2307 802 2356 ap·
852 2304 865 2328 ι
877 2280 949 2350 porci
970 2276 1143 2331 immolantur
1158 2286 1207 2327 etc.
1226 2295 1240 2320 υ
1261 2272 1368 2326 Conser-

292 2412 306 2437 ι
318 2384 412 2457 pellata
422 2400 439 2434 a
452 2375 568 2440 Grecis,
586 2372 701 2425 duorum
714 2384 803 2437 geue·
850 2356 931 2413 ovid.
941 2356 1008 2409 Met.
1020 2355 1083 2419 XV,
1096 2350 1361 2411 rer-115.-An'dae,

290 2490 306 2516 u
318 2482 379 2519 rum
396 2469 435 2513 est
450 2478 457 2511 ι
474 2456 554 2509 altera
570 2447 696 2504 tamaraei
712 2442 802 2497 similis
850 2432 916 2485 dum
925 2432 1027 2485 semina
1038 2428 1108 2482 eruit
1119 2437 1219 2491 rostro,
1234 2444 1368 2494 spemque

290 2568 306 2593 ι»
314 2542 396 2606 lolio,
409 2536 490 2591 altera
500 2548 629 2600 cupresso.
640 2527 731 2594 Quare
743 2520 803 2591 qui·
851 2512 915 2564 tnui
926 2507 1064 2578 intercipit
1076 2534 1110 2547 ·-
1123 2506 1191 2572 Opes
1203 2522 1283 2565 suas,
1300 2501 1367 2554 tru-

290 2646 306 2672 n
319 2622 380 2675 dam
402 2614 535 2671 Creticam
554 2622 707 2676 cupressum
724 2601 803 2655 dixe·
852 2598 993 2641 menn·-
1003 2588 1066 2639 Vm
1076 2603 1153 2644 πονο,
1166 2591 1196 2633 ut
1208 2578 1278 2649 apud
1286 2579 1368 2648 Virg.

292 2725 306 2749 »
318 2708 388 2753 runt.
402 2692 426 2747 Α
436 2690 524 2745 multis
533 2688 561 2741 in
568 2682 671 2739 suffitus
682 2701 731 2751 pro
742 2691 802 2733 ture
851 2666 948 2735 θοοῖς.
960 2665 990 2732 l,
1004 2665 1044 2731 43.
1061 2663 1158 2717 Noster
1167 2659 1278 2713 Metam.
1291 2658 1365 2726 XV,

290 2802 305 2828 »
318 2773 480 2833 adsumtum
494 2788 507 2813 a
517 2763 578 2818 ride
591 2763 646 2826 lv,
664 2760 708 2829 74¹
722 2777 728 2810 ς
742 2755 802 2809 lus-
851 2764 902 2797 aoo
913 2743 947 2797 de
959 2761 1046 2807 anno,
1065 2762 1078 2786 α
1095 2740 1166 2793 Nam
1176 2749 1254 2791 tenor
1266 2746 1293 2790 et
1305 2735 1367 2789 lac-

288 2842 616 2913 trationiinservit.Etiam
622 2836 732 2909 virgin
741 2834 803 2887 Cul.
852 2843 867 2869 ²·
880 2832 937 2875 lens
949 2839 1010 2872 vere
1021 2835 1091 2871 novo
1099 2827 1146 2870 est.
1156 2836 1169 2861 υ
1182 2815 1257 2883 Virg.
1266 2811 1367 2881 Georg.

290 2934 356 3002 403,
367 2950 384 2976 u
396 2924 539 2992 Herbaque
554 2917 618 2971 turis
636 2930 698 2984 opes
714 2911 802 2982 priscis
852 2898 957 2969 12315,
966 2919 980 2943 «
990 2896 1136 2949 Frumenta
1145 2893 1172 2944 iu
1182 2889 1259 2944 viridi
1269 2889 1368 2959 stipula

290 3008 412 3062 »imitata
421 2998 546 3057 Sabina.»
554 2990 803 3049 Utebanturautem
853 2997 868 3024 ³·
880 2974 1002 3029 lactentia
1015 2981 1131 3041 turgent.
1140 2992 1154 3017 a
1165 2996 1199 3008 -
1213 2968 1266 3022 Pro
1278 2974 1369 3020 succe}e

290 3086 357 3141 foliis
367 3081 527 3151 elusineam
535 3066 801 3137 rem3Dioseorid.1‚
852 3054 978 3107 Heinsius
995 3070 1026 3105 ex
1045 3049 1119 3103 MSS
1136 3046 1268 3101 nonnullis
1284 3048 1369 3098 salcrk

290 3184 348 3235 pag.
362 3162 418 3226 104.
429 3154 502 3210 Cum
512 3156 584 3205 lauro
595 3144 766 3215 conjungitur
775 3153 803 3195 ee
851 3130 1026 3212 adoptaverat.
1041 3126 1094 3180 Sed
1106 3127 1278 3179 Burmannus
1293 3136 1368 3178 recte

290 3242 344 3307 IV,
358 3240 403 3307 741
416 3254 474 3287 3.-
484 3230 597 3295 creprtus
607 3222 672 3276 lauri
683 3240 733 3273 aon
743 3224 801 3271 exi·
850 3216 935 3263 succis
945 3206 1091 3271 revocavit,
1105 3205 1301 3273 quianecteuer,
1314 3220 1369 3255 nec

322 3338 353 3373 rs
362 3318 463 3371 bonum
473 3308 591 3375 signum
604 3297 699 3354 Tibull.
708 3297 752 3361 ll,
766 3313 800 3362 v,
848 3293 947 3343 lactens
957 3286 1032 3339 sirlois
1043 3283 1174 3338 convenit.
1183 3283 1259 3337 Suoei
1270 3291 1366 3334 eontra

287 3342 322 3391 μ
427 3390 665 3456 leretsuprarers.
678 3378 802 3449 pli-Co·
850 3365 959 3435 frugum
980 3382 1047 3433 sepe
1067 3366 1145 3414 lactis
1165 3360 1274 3413 nomine
1293 3358 1366 3412 insi-

290 3481 359 3533 roae‘s
374 3484 402 3529 et
409 3471 516 3539 floribus
534 3461 695 3517 ornabantur
709 3455 753 3508 Dii
772 3454 801 3507 in
851 3443 987 3515 uniuntur.
1003 3438 1149 3493 Mitscberl.
1165 3450 1253 3492 tamen
1270 3437 1366 3489 Hein-

290 3552 402 3623 templis.
413 3549 530 3601 Lactant.
540 3540 603 3595 lnst.
613 3537 658 3604 ll,
670 3533 801 3599 nArnob.
849 3523 918 3577 sium
924 3516 1214 3589 requirantur-Regii
1221 3526 1273 3569 tres
1280 3518 1367 3568 nostri

290 3642 382 3688 contra
395 3624 475 3680 Gent
488 3616 543 3671 Vll
554 3656 561 3683 ,
575 3614 631 3685 ²37·
849 3604 947 3663 sulem
965 3599 1033 3651 bene
1046 3617 1053 3649 ε
1065 3596 1131 3649 sulci
1141 3596 1213 3648 enlm
1224 3612 1273 3663 pro
1283 3612 1365 3646 scro-

322 3711 379 3779 347.
397 3704 440 3758 De
460 3694 571 3752 victimis
588 3686 801 3761 sanguinolentis.
850 3679 926 3732 bibus
937 3684 1098 3742 sumuntur,
1110 3674 1139 3726 in
1150 3671 1243 3742 quibua
1256 3670 1367 3728 arbores

293 3790 399 3842 Wscem
410 3780 454 3834 hic
463 3777 571 3843 apere'rr',
584 3768 643 3823 alibi
655 3769 751 3819 nudari
759 3764 802 3816 di·
849 3754 1009 3825 plantantur.
1021 3754 1070 3804 Ed.

289 3875 388 3920 cuntur
396 3870 427 3914 ut
435 3858 497 3911 AEn.
507 3855 537 3919 l¹
550 3872 595 3904 arr
606 3889 613 3917 ,
624 3848 669 3902 ubi
678 3845 801 3898 Servius:
885 3833 942 3886 353.
951 3834 1113 3898 Exemplum,
1123 3844 1208 3896 puna.
1219 3823 1365 3891 rheuma,

289 3965 304 3990 <t
317 3942 425 3993 Viscera
439 3928 564 4004 quidquid
581 3927 629 3981 sub
641 3924 711 3978 corio
726 3932 773 3975 est.
786 3943 800 3968 υ
851 3908 908 3973 ΠΙ,
920 3906 970 3960 sab·
983 3923 1030 3974 vt,
1044 3925 1093 3973 ιο,
1107 3927 1121 3950 κ
1133 3904 1262 3972 Justoque
1275 3903 1367 3957 viudi-

289 4022 416 4073 -Prr'ma
429 4014 503 4067 Ceres
518 4019 567 4061 ete.
579 4006 619 4061 lta
633 4014 660 4057 et
670 4003 755 4054 Varro
767 3997 801 4053 de
851 4012 866 4038 ν
875 3987 1204 4057 eavitexempluimpetum
1211 4024 1219 4051 ‚
1229 4005 1242 4031 n
1250 3984 1294 4036 ubi
1302 3982 1364 4037 vide

290 4096 330 4153 Re
345 4096 421 4149 Rust.
435 4088 478 4155 11,
494 4091 525 4154 4:
537 4107 550 4131 α
568 4085 592 4137 Λ
609 4080 684 4136 suillo
703 4096 801 4149 genere
851 4065 977 4122 Scheller.
990 4064 1118 4119 Similiter
1129 4064 1284 4137 :epatre-spu.
1298 4058 1361 4114 vid.

291 4196 305 4225 s
317 4169 416 4244 pecoris
436 4161 590 4219 immolandi
612 4159 717 4212 initium
740 4156 801 4224 prl—
850 4146 961 4199 omnino
968 4142 1066 4197 Gellius
1074 4142 1151 4195 Nort
1163 4140 1243 4194 attic.
1253 4140 1310 4203 v1,
1323 4141 1364 4204 ιζ.

290 4270 305 4302 ιι
318 4266 392 4305 metm
401 4240 519 4299 sumtum
529 4237 641 4291 videtur.
651 4232 735 4299 Cujus
744 4249 801 4285 ves·
850 4229 1057 4281 -Abstr'rrur'sse.
1065 4221 1109 4277 Sic
1121 4217 1248 4275 Horatius
1255 4221 1365 4273 Poteras
