3025 5009
308 428 368 495 130
591 426 631 491 P.
662 425 844 493 OVlDll
871 424 1103 493 NASONIS

352 560 522 659 Parvaque
539 558 573 633 in
591 559 771 634 exstinctas
788 588 926 635 munera
942 559 1026 635 ferte
1044 588 1154 662 pyras.

305 678 410 751 Parva
426 692 549 776 petunt
566 676 708 750 Manes:
725 676 834 777 pietas
852 704 917 777 pro
937 675 1039 751 divite
1055 664 1148 773 grata
1165 696 1217 752 est

354 794 496 867 Munere
511 820 518 863 :
536 820 607 866 nou
624 790 739 867 avidos
757 791 841 893 Styx
856 791 961 868 babet
975 793 1044 868 ima
1057 795 1161 868 Deos.

301 907 431 1005 Tegula
446 908 604 1009 projectis
619 910 702 985 satis
717 926 770 983 est
785 908 893 983 velata
909 909 1069 1001 coronis;

345 1030 399 1123 ,Et
415 1056 536 1129 sparsae
552 1027 682 1122 fruges,
700 1054 868 1129 parcaque
884 1027 970 1101 mica
987 1026 1085 1115 salis;

304 1151 412 1248 Inque
430 1172 521 1219 mero
539 1142 669 1219 mollita
688 1144 808 1231 Ceres,
826 1140 988 1244 violaeque
1005 1141 1141 1217 solute:

354 1267 434 1339 Haec
450 1263 573 1338 babeat
590 1260 699 1335 media
716 1277 802 1333 testa
818 1256 934 1333 relicta
951 1258 1011 1332 via.

303 1386 373 1457 Nec
390 1379 514 1479 majora
528 1394 603 1452 veto
618 1406 626 1449 ε
643 1376 701 1450 sed
718 1374 823 1449 ethis
839 1372 1015 1475 placabilis
1033 1372 1151 1447 umbra
1165 1391 1237 1448 est:

352 1497 450 1573 Adde
467 1523 580 1598 preces
598 1493 721 1596 positis
739 1509 774 1566 et
789 1520 851 1566 sua
865 1490 967 1565 verba
981 1489 1077 1565 focis.

305 1619 406 1691 Hunc
423 1640 550 1687 morem
568 1611 712 1697 AEneas,
733 1608 870 1709 pietatis
886 1607 1031 1682 idoneus
1048 1624 1185 1695 auctor,

354 1728 479 1806 Attulit
495 1728 531 1801 iu
549 1744 670 1813 terras,
689 1726 777 1824 juste
793 1724 932 1813 Latine,
950 1744 1035 1801 tuas.

304 1886 426 1961 privatim
437 1880 653 1939 Novemdialibus
665 1891 691 1935 et
702 1880 820 1933 Denica-
868 1880 967 1951 pretari
979 1880 1007 1934 in
1020 1898 1093 1933 aram
1101 1880 1242 1947 conjectas
1250 1908 1285 1921 -
1298 1883 1388 1934 Velare

302 1970 417 2021 libus-
424 1966 578 2017 Eratirclas
589 1954 682 2014 Heius.
691 1958 762 2012 bene
770 1977 820 2027 pro
868 1961 981 2013 verbum
993 1980 1097 2015 sacrum
1105 1960 1139 2013 (le
1150 1960 1257 2013 coronis
1268 1972 1298 2014 et
1309 1961 1385 2015 vittis.

301 2056 446 2101 exstructas
457 2063 472 2096 e
484 2040 613 2095 Marariu.
624 2050 651 2093 et
666 2057 721 2091 uno
735 2037 820 2091 Varie„
868 2067 903 2078 —
913 2038 956 2092 De
970 2034 1037 2091 'trica
1049 2041 1117 2091 salrlr
1130 2037 1190 2091 vide
1203 2037 1235 2091 ad
1250 2038 1280 2103 l,
1296 2039 1386 2092 338.-

303 2123 410 2192 recepit.
422 2119 508 2175 lntell.
521 2116 635 2183 tumuli,
652 2114 822 2184 sepulcra-
870 2119 1095 2170 Herbabeatetc
1102 2114 1387 2186 becapponanturvel

304 2204 374 2274 Pyra
392 2200 480 2264 enirn,
500 2207 530 2251 ut
548 2199 659 2255 bustum,
683 2193 756 2247 locus
777 2192 823 2244 ubi
869 2196 898 2249 in
911 2194 956 2248 vili
970 2205 1037 2249 testa
1048 2194 1114 2248 vasis
1128 2192 1202 2248 fracti
1214 2206 1242 2248 et
1256 2196 1286 2248 in
1300 2196 1389 2265 publi-

304 2290 427 2335 mortuus
442 2287 469 2329 et
487 2273 640 2328 combustus
658 2280 685 2325 et
705 2268 823 2339 sepultus
870 2292 932 2328 cum
944 2273 1064 2342 projecti.
1074 2299 1109 2312 -·
1121 2273 1176 2326 Pro
1190 2278 1283 2326 relicta
1295 2274 1386 2327 Heius.

305 2368 353 2413 est.
363 2386 396 2399 -·
409 2358 494 2409 Grata
503 2352 596 2407 Heius
604 2348 701 2403 mutari
717 2346 822 2401 volebat
870 2352 1100 2422 legivult,relecta,
1113 2350 1251 2405 recollecta
1260 2372 1268 2414 ς
1276 2351 1324 2405 sed
1332 2353 1387 2405 sine

304 2441 332 2493 iu
340 2438 438 2506 gratim·
453 2430 522 2503 apud
535 2440 623 2501 gratos
634 2428 729 2480 Manes
739 2424 823 2495 pietat
870 2448 956 2484 causa.
965 2427 1088 2482 Alterum
1095 2428 1165 2481 bene
1172 2431 1299 2482 convenit
1307 2450 1389 2499 supe-

305 2528 345 2572 est
358 2536 407 2587 pro
418 2531 516 2583 magno
528 2528 650 2565 munere.
659 2506 818 2567 -rAvr‘doa
870 2508 1067 2575 rioriprolectr's.
1074 2504 1117 2559 De
1124 2510 1330 2574 relegereautem
1338 2508 1388 2561 vid.

306 2612 466 2664 magnorum
477 2606 624 2643 munerum
640 2583 757 2654 cupidos.
871 2586 951 2639 Bent.
964 2584 996 2638 ad
1011 2584 1174 2650 Horatium,
1191 2584 1277 2654 Epod.
1295 2586 1337 2651 ll,
1348 2587 1388 2658 69.

338 2674 396 2741 537.
415 2670 550 2723 Memorat
561 2683 641 2735 parva
653 2679 776 2725 munuera,
790 2659 822 2712 de
906 2665 963 2731 541.
986 2662 1062 2732 Saepe
1085 2660 1280 2732 impensissimo
1303 2662 1388 2715 officio

306 2753 401 2824 quibus
417 2750 505 2817 1,337
520 2766 557 2815 sq.
571 2772 604 2787 ·-
618 2745 716 2810 Tegula
728 2742 756 2795 in
768 2750 824 2792 tec-
872 2740 1056 2810 parentabant.
1068 2740 1138 2795 Vide
1152 2740 1273 2796 Kirchm.
1289 2741 1316 2795 vl.
1330 2740 1346 2795 l.
1357 2768 1389 2780 —

305 2835 339 2887 tis
348 2830 539 2901 sepulcrorum.
548 2852 582 2865 -·
592 2823 634 2877 De
648 2822 699 2877 hoc
709 2836 824 2879 carona—
870 2820 925 2875 Sua
931 2824 1009 2873 rerba
1017 2860 1024 2883 ,
1031 2819 1165 2873 illissacris
1171 2820 1279 2889 propria
1286 2840 1317 2885 ,e
1327 2831 1387 2872 nota

306 2932 361 2966 rum
372 2929 422 2963 usu
433 2906 492 2961 virle
506 2902 663 2959 Kircbman.
681 2899 714 2953 de
730 2900 754 2953 F
755 2916 825 2955 une-
872 2899 897 2951 vi
907 2897 1314 2968 liujuspronominis;sedquum
1323 2918 1389 2952 uuus

306 2992 354 3045 vib.
368 3010 393 3059 p.
407 2988 469 3051 560,
483 2984 528 3037 ubi
538 2980 606 3037 etde
620 2978 733 3059 llnriburl
746 2980 824 3029 solu-
872 2978 964 3031 Petav.
974 2983 1003 3030 r'r
1013 2995 1064 3031 sua
1073 2986 1149 3037 wta,
1167 2986 1196 3030 et
1209 2976 1390 3031 Herculanae!

306 3076 353 3131 tis,
370 3066 455 3135 vagis,
470 3080 525 3116 non
541 3060 569 3113 in
582 3074 711 3121 cornuam
722 3053 824 3108 coactis.
867 3060 916 3124 pia
926 3059 1004 3109 uerba
1015 3054 1150 3119 habeant,
1172 3056 1265 3107 Burm.
1282 3056 1389 3122 conjicit

309 3146 425 3203 Coronis
436 3160 493 3197 non
504 3159 571 3209 opus
579 3148 636 3191 erat
645 3136 720 3189 novis
731 3145 758 3187 et
768 3142 823 3185 arte
871 3148 953 3189 elsua
964 3134 1016 3202 (vel
1019 3132 1081 3204 pia)
1090 3143 1157 3188 vota.
1168 3134 1239 3188 Sane
1248 3175 1255 3201 ,
1264 3155 1353 3203 preces
1362 3148 1388 3189 et

306 3224 395 3285 luctis,
409 3220 470 3273 lruic
481 3216 571 3287 pietati
587 3213 753 3269 sufficiebant
768 3228 824 3269 ee,
871 3225 935 3267 vota
948 3232 1017 3283 saepe
1034 3214 1243 3283 conjunguntur.
1260 3242 1297 3255 -
1313 3216 1387 3285 Regii

303 3322 367 3373 que
381 3341 389 3367 ,
406 3298 532 3353 conviviis
543 3297 637 3349 exactis
652 3334 660 3362 ,
673 3314 689 3346 a
708 3290 825 3347 convivis
872 3293 957 3346 nostri
968 3291 1105 3345 habente!
1115 3312 1165 3345 sua
1175 3292 1345 3361 verbasocr's,
1361 3292 1387 3346 id

309 3384 422 3437 domurn
440 3375 597 3432 abeuntibus
609 3374 729 3440 projecte
748 3378 825 3421 erant
873 3381 930 3436 est,
943 3368 1031 3423 debita
1042 3369 1157 3423 numini.
1171 3371 1222 3421 Ed.

310 3463 338 3515 in
348 3458 404 3514 viis.
412 3452 614 3516 eterniuxxt,
626 3448 824 3512 15531Am0rr.
912 3447 970 3514 543.
991 3449 1055 3500 Pius
1066 3448 1178 3513 AEreas,·
1190 3447 1388 3501 accommodate

309 3540 408 3609 v'1,b7.
427 3537 509 3589 Recte
524 3532 604 3600 igitur
617 3526 743 3581 Heinsius
756 3544 824 3592 pro·
872 3525 900 3580 li.
910 3526 927 3579 Ι.
934 3531 1041 3594 pretatis
1050 3530 1159 3580 idoneus
1166 3537 1268 3580 auctor:
1275 3528 1317 3581 vir
1329 3538 1387 3581 tan·

303 3621 397 3686 jectar,
416 3612 486 3683 quod
499 3609 563 3663 alter
579 3605 707 3660 Masarin.
721 3622 770 3673 pro
785 3604 825 3657 ‹li-
874 3614 935 3671 tus,
952 3604 1049 3673 pietate
1069 3623 1117 3657 sua
1136 3604 1271 3675 inclytus,
1293 3605 1389 3657 merito

310 3716 383 3751 versa
402 3695 460 3746 leet.
478 3689 572 3754 habet,
591 3682 705 3753 praetulit
724 3682 826 3751 vulgari
873 3684 1387 3752 piorumrltuumauctoremtititlatri,

306 3779 435 3845 porrectis.
444 3771 505 3825 Hoc
513 3764 687 3821 vero'l'aubu.
695 3760 825 3813 etKrebs.
874 3780 955 3829 quem
969 3762 1037 3831 apud
1048 3764 1207 3833 Drepanum
1218 3764 1387 3833 sepeliverat,
1399 3816 1411 3837 ‚

312 3865 434 3918 tuentur,
448 3850 508 3919 quia
520 3846 646 3913 projicere
657 3842 728 3895 verb.
745 3842 772 3894 in
783 3860 826 3893 sa·
872 3841 1080 3908 sequentianno
1093 3843 1120 3894 in
1133 3842 1221 3897 Sicilia
1233 3862 1336 3897 sacrum
1349 3842 1388 3893 le-

310 3934 360 3987 cris
368 3932 495 3985 solemne.
509 3923 570 3978 Vid.
583 3920 766 3986 lllacrobiurn,
782 3918 823 3973 lll
874 3919 910 3972 cit
918 3920 1128 3973 anniversarium
1138 3958 1146 3985 ,
1156 3920 1227 3989 quod
1236 3919 1345 3973 AEneid.
1353 3918 1387 3982 V,

311 4012 405 4069 Satn.
420 4010 540 4075 ΤεμΙαηι
549 4014 640 4055 autem
647 3998 760 4053 leusius
766 4018 825 4050 ma·
872 4002 977 4071 94sqq,
990 3999 1154 4054 describitur.
1164 4001 1203 4054 lbi
1211 4002 1326 4054 incertus
1334 4008 1388 4064 est,

311 4092 367 4145 vult
379 4096 563 4158 tegumentum
573 4082 624 4135 soci
633 4077 826 4135 auraraeintet-
874 4100 888 4125 α
901 4077 1056 4133 Geniumue
1070 4079 1138 4145 loci,
1158 4079 1325 4132 famulumne
1335 4096 1388 4145 pa-

310 4174 401 4242 ligere,
408 4170 487 4221 etiam
493 4173 649 4219 mortrstarrr
657 4160 752 4213 eodem
762 4178 826 4211 sen·
875 4179 889 4204 r·
902 4158 985 4211 rentis
993 4158 1056 4211 Esse
1065 4170 1148 4227 putet.
1159 4180 1172 4203 a
1181 4186 1215 4198 -
1223 4160 1316 4209 Jusrus
1326 4154 1387 4225 epi-

309 4270 341 4307 su
351 4264 443 4317 capere
453 4285 460 4313 ,
468 4240 722 4311 prosecrasuenique
734 4239 825 4291 inter-
875 4237 969 4290 tlretou
984 4236 1110 4307 frequens
1126 4255 1220 4307 regum
1233 4248 1261 4291 et
1274 4236 1387 4289 aliorum
