3025 5009
407 453 463 524 IN
487 451 931 524 ovmltttnsros.
1139 451 1206 537 465

123 623 223 700 ῳᾳε
240 592 402 684 diximus,
421 595 598 668 Fastorum
613 591 712 670 libris
728 610 880 668 mutuam
895 592 1031 694 accepit
1050 591 1097 667 Et
1114 593 1211 668 lucu-

134 718 241 794 lenter
258 717 324 792 lroc
342 747 382 792 ex
401 745 441 792 eo
457 734 613 820 apparet,
632 715 724 818 quod
746 745 815 790 uon
835 713 946 791 solum
963 717 1000 791 in
1017 716 1210 819 explicanda

134 841 246 945 aliqua
262 872 299 916 re
314 841 445 917 easdem
463 869 593 943 semper
605 870 680 916 cum
698 837 766 915 illis
780 839 902 916 referre
916 840 1002 917 solet
1014 843 1211 930 sententias,

136 966 195 1041 sed
209 966 391 1068 saepissime
414 965 502 1039 idem
526 983 561 1039 et
580 965 698 1040 eodem
715 964 790 1039 loco
807 982 841 1040 et
857 964 993 1056 ordine,
1012 995 1081 1068 quo
1098 965 1148 1040 illi
1166 969 1215 1041 as-

135 1093 222 1165 serre
237 1090 354 1166 solent.
374 1092 505 1163 Docent
518 1089 584 1164 hoc
598 1087 648 1164 vel
664 1089 783 1164 breves
795 1089 905 1164 Verrii
922 1090 1152 1166 adnotationes
1172 1093 1215 1166 ad

137 1215 226 1288 Fast.
245 1217 278 1302 l,
300 1212 362 1306 453
381 1212 468 1288 conf.
485 1213 623 1287 Verrius
639 1193 681 1288 ad
695 1212 729 1286 d.
748 1207 770 1285 a
786 1216 861 1288 Jan.
879 1213 923 1288 ad
936 1216 1006 1304 lll,
1030 1241 1075 1315 97
1095 1245 1104 1290 ε
1126 1216 1212 1288 cous.

137 1339 234 1412 Verr.
253 1337 351 1412 initio
365 1335 481 1412 Martii
499 1337 640 1426 mensis,
659 1337 720 1411 ubi
736 1337 805 1411 sere
822 1337 934 1413 eadem
955 1337 1073 1413 iisdem
1093 1339 1215 1413 verbis.

140 1458 237 1536 Adde
251 1459 356 1535 multa
371 1488 409 1535 ex
421 1461 482 1556 iis,
502 1490 575 1562 quae
590 1480 708 1563 postea
725 1489 765 1536 ex
777 1462 897 1536 Verrio
911 1463 1145 1564 excerpsimus.
1159 1464 1216 1537 Ad

140 1584 301 1660 Ovidium
315 1583 356 1658 de
368 1585 543 1659 mensibus
560 1583 686 1685 Aprili,
704 1584 798 1659 Maio
814 1601 847 1658 et
858 1584 963 1660 Junio
978 1587 1067 1660 cons.
1085 1589 1215 1662 Fastor.

138 1707 333 1784 conditores
348 1709 436 1810 apud
452 1709 605 1784 Maerob.
623 1711 663 1798 l,
682 1733 762 1802 ta,
785 1726 848 1783 etc.
867 1727 929 1784 etc.
954 1712 1081 1786 Tamen
1105 1712 1219 1813 ipsum

138 1832 271 1908 notitiis
282 1831 661 1936 aliundeeonquirendis
674 1833 840 1907 intentum
854 1833 957 1909 fuisse
971 1834 1043 1936 ipse
1056 1837 1144 1910 Fast.
1156 1839 1217 1926 IV,

139 1955 215 2059 378
226 1974 260 2031 et
272 1955 365 2058 690,
383 1955 499 2046 docet,
514 1973 548 2032 et
561 1985 664 2058 quum
678 1956 737 2030 diu
751 1956 900 2059 inopere
914 1985 977 2034 suu
991 1958 1139 2034 limando
1155 1977 1225 2063 sty‹

139 2079 213 2155 lum
229 2097 388 2169 verteret,
406 2106 460 2170 ea,
481 2107 555 2181 quae
570 2107 685 2156 recens
703 2099 928 2172 accesserant,
946 2081 984 2156 in
1000 2082 1096 2158 sestis
1113 2083 1220 2160 donec

137 2203 337 2307 prodirent,
361 2199 537 2300 diligenter
557 2202 716 2278 adnotare
742 2222 777 2279 et
801 2201 946 2280 inserere
976 2204 1115 2281 solebat.
1144 2209 1224 2282 Huc
1315 2295 1321 2302 ι

141 2327 305 2431 pertinet,
323 2343 444 2428 praeter
458 2324 523 2399 alia
539 2354 612 2427 quae
627 2325 667 2400 de
681 2326 872 2402 Germanici
888 2329 1061 2433 triumpho
1080 2333 1115 2420 Ι,
1133 2330 1222 2423 285,
1247 2308 1263 2334 '¹

144 2451 186 2528 dc
204 2449 399 2527 Concordia
415 2447 484 2524 ede
500 2451 538 2538 l,
557 2447 736 2550 637-650,
755 2478 811 2524 an.
833 2479 867 2524 u.
894 2477 922 2524 c.
945 2450 1016 2552 762
1034 2469 1224 2545 exstructa,

143 2577 254 2667 cauit,
272 2605 346 2678 qun
361 2603 401 2650 ex
417 2573 548 2648 notitiis
565 2574 609 2648 ab
626 2573 740 2649 amicis
758 2602 870 2649 seeum
884 2575 1153 2667 communicatis,
1172 2577 1226 2653 rel

143 2731 164 2779 e
179 2701 275 2776 novis
287 2697 424 2774 sastisiu
433 2689 549 2772 exsilio
562 2695 763 2798 interpolare
775 2698 901 2772 debuit.
917 2697 1019 2774 Refer
1030 2700 1097 2775 buc
1110 2701 1225 2790 etiam,

144 2853 220 2928 quae
242 2823 282 2900 de
303 2820 441 2896 Tiberio
466 2820 665 2921 imperatore
683 2820 775 2896 canit
799 2823 839 2911 l,
865 2819 956 2914 5333
979 2822 1019 2898 de
1041 2821 1134 2899 Julia
1154 2827 1227 2900 Au-

143 2967 263 3048 gusta,
280 2950 318 3038 l,
340 2947 422 3021 536.

197 3086 250 3158 Eo
277 3063 387 3157 aetem
412 3080 518 3178 magis
541 3079 608 3154 hoe
631 3095 864 3175 argumentum
894 3078 1048 3155 carminis
1073 3083 1225 3159 varietati

146 3225 265 3310 aptum
285 3223 379 3295 erat,
405 3231 542 3308 quumn
561 3203 720 3304 temporis
735 3201 789 3276 sui
807 3203 909 3277 sacris
926 3203 969 3278 ad
985 3206 1228 3282 remotissimos

146 3331 264 3436 patrite
281 3329 490 3432 antiquitatis
507 3322 667 3431 mythos,
692 3328 735 3402 ab
759 3326 921 3429 operibus
941 3347 976 3404 et
997 3329 1099 3406 rebus
1124 3333 1227 3428 gestis

146 3454 340 3558 principum
359 3453 401 3526 ad
418 3451 552 3527 laudem
571 3470 604 3527 et
622 3450 850 3527 adulationem
877 3479 993 3526 eorum
1019 3455 1226 3556 exspatiandi

148 3579 359 3654 occasionem
382 3575 556 3679 preberet.
582 3578 628 3650 Et
651 3604 726 3650 cum
747 3575 893 3672 Virgilio
913 3577 1081 3666 sentiens,
1108 3579 1166 3680 qui
1190 3563 1226 3652 iu

150 3729 330 3800 grecarmn
347 3698 535 3775 tabularum
551 3697 681 3775 lusibus
703 3698 784 3774 satis
802 3698 869 3797 jam
894 3697 1075 3773 decantatis
1097 3700 1150 3774 vir
1170 3731 1227 3777 ve-

148 3851 222 3900 ram
236 3823 368 3900 laudem
379 3822 491 3898 adhuc
508 3824 611 3924 quaeri
622 3850 722 3924 posse
734 3820 897 3895 cecinerat
912 3829 943 3911 ¹,
961 3821 1047 3896 hanc
1061 3821 1125 3898 sibi
1140 3825 1227 3900 viam

170 4057 664 4132 ¹s2tgranatonnyto‚oe0rg.1tt,3:
713 4069 1149 4116 auernnmsmaennntamr...

151 4153 293 4202 (umqum
303 4163 375 4190 enom
382 4151 492 4190 mutinae
500 4151 586 4189 umine
593 4159 666 4188 meum
715 4145 864 4186 ···'1't=tnd·
874 4148 907 4184 vi·
917 4155 958 4196 ut,
969 4162 1048 4200 qum
1059 4163 1140 4202 quoqu
1153 4154 1227 4204 pontu

148 4225 227 4266 onia
235 4225 276 4276 jara
281 4225 426 4275 solemonio
435 4232 469 4264 unt
476 4223 587 4276 numme·
593 4223 667 4263 duum
713 4221 794 4262 Tollere
799 4221 868 4271 buno,
876 4221 979 4284 viotooqpc
985 4224 1050 4262 virum
1056 4225 1139 4266 veliem
1144 4239 1179 4278 per
1185 4241 1227 4267 οιι.

249 4328 320 4401 VI.
1022 4329 1066 4394 30
