3025 5009
259 460 325 562 472
652 440 935 540 excursus

259 589 349 683 εἰιίω
364 607 432 682 lere
449 608 573 684 iisdem
584 595 695 685 verbis
708 641 745 686 ac
761 611 924 701 Ovidius,
944 609 1017 712 quae
1031 611 1159 709 integra
1174 611 1212 685 in
1227 609 1336 714 lapide

260 750 465 835 supersunt:

308 857 398 932 Ludi
417 859 465 931 M.
487 858 529 931 D.
549 858 599 932 Μ.
619 859 645 931 l.
664 854 868 952 Megalensia
891 855 1072 947 vocantur,
1101 858 1193 961 quod
1212 889 1250 934 ea
1266 861 1338 934 Dea

260 978 383 1054 Micale
404 979 602 1082 appellatur.
633 981 809 1056 Nobilium
824 981 1030 1056 mutilationes
1051 1009 1204 1056 cenorum
1232 983 1339 1057 solitae

260 1122 340 1179 snut
355 1102 547 1206 frequenter
563 1103 656 1195 lieri,
676 1105 767 1207 quod
782 1107 894 1180 Mater
907 1107 1033 1202 Magna
1049 1133 1089 1179 ex
1107 1104 1203 1180 libris
1224 1103 1340 1208 Sibyl-

260 1226 339 1302 linis
357 1229 512 1304 arcessita
527 1228 638 1304 locum
651 1231 779 1304 muavr't
789 1259 831 1304 er
845 1229 990 1332 Phrygia
1005 1232 1158 1304 Romam.
1179 1271 1219 1286 -
1235 1229 1340 1325 Quod

260 1350 288 1426 si
307 1369 465 1453 praterea
483 1351 686 1442 observaris,
703 1371 744 1426 ut
757 1352 825 1426 lere
841 1352 876 1425 iu
895 1351 1052 1426 omnibus
1063 1351 1342 1454 explicationibus

263 1475 408 1550 Ovidius
433 1505 509 1551 cum
529 1479 705 1553 Fastorum
733 1474 1074 1552 commentationibus
1091 1477 1285 1566 conveniat,
1309 1495 1344 1550 et

258 1623 330 1672 non
346 1627 423 1674 raro
442 1600 484 1674 ab
503 1601 544 1674 iis
559 1601 721 1702 pendeat,
743 1601 798 1674 vix
818 1601 859 1675 de
875 1601 1012 1674 veritate
1037 1599 1214 1689 lectionis,
1242 1627 1342 1700 qnam

259 1723 446 1820 Fogginius
462 1723 528 1798 hoc
548 1721 623 1798 loco
641 1723 755 1812 allent,
770 1723 952 1799 dubitabis.
972 1725 1090 1822 Quum
1108 1723 1195 1803 enim
1215 1723 1344 1796 mutitu-

262 1848 359 1922 tioaes
375 1866 410 1923 et
424 1848 567 1922 mutitare
582 1849 635 1922 vir
652 1879 671 1923 a
687 1867 827 1924 mutuus
844 1877 915 1924 esse
931 1849 1061 1950 possit,
1078 1847 1264 1951 sedpotius
1278 1847 1345 1920 sre-

264 1971 496 2072 quentativum
512 1972 607 2048 verbi
620 1988 720 2060 muto,
738 1990 778 2046 ut
792 1974 825 2048 0
844 1989 878 2047 et
893 1974 926 2042 V
939 1970 1085 2046 indicare
1102 1971 1269 2060 videntur,
1280 1998 1345 2072 pro

263 2096 413 2180 mutuala,
435 2096 528 2196 quod
543 2095 703 2170 Heinsius
719 2093 845 2184 voluit,
872 2095 994 2171 Mutua
1005 2093 1184 2192 legendum
1203 2121 1345 2178 censeo,

262 2234 302 2291 ut
316 2216 449 2292 convivis
458 2219 568 2292 mulda
580 2218 667 2293 idem
681 2219 744 2308 sit,
764 2220 856 2322 quod
867 2218 1071 2294 mutilatrbues
1088 2244 1242 2292 canorum
1255 2215 1349 2318 apud

264 2342 442 2432 Verrium,
463 2361 495 2417 et
510 2340 729 2445 sequentibus
745 2344 897 2421 versibus
911 2345 1057 2420 Ovidius
1070 2343 1249 2418 obscuram
1259 2341 1348 2416 hauc

262 2495 378 2542 vocem
396 2465 601 2560 illustratum
624 2489 686 2545 eat.
708 2511 748 2526 ·-
768 2471 799 2544 Ε
823 2487 979 2544 contextu
1004 2497 1076 2543 eam
1099 2466 1260 2542 excidisse
1289 2465 1346 2538 vix

264 2591 414 2681 mireris,
433 2621 537 2695 quum
553 2592 589 2666 in
609 2591 709 2668 Gellii
726 2592 813 2668 locis
828 2592 941 2668 eadem
956 2591 1110 2667 lectionis
1130 2590 1272 2666 varietas
1290 2588 1348 2664 sit

266 2715 407 2790 Verrius
423 2743 538 2790 omnes
555 2715 711 2791 vindicat.

312 2835 407 2911 Fost.
432 2837 507 2924 IV,
533 2836 615 2939 378.
644 2834 829 2912 Fortunam
853 2835 1030 2912 Publicam
1053 2853 1216 2912 sacratam
1241 2836 1291 2910 ait
1312 2835 1350 2910 iu

266 2959 351 3035 colle
369 2959 540 3059 Quirinali
556 2960 611 3034 bis
627 2959 805 3035 versibus:
1199 2961 1208 2976 '

401 3131 458 3203 Qui
472 3131 558 3200 dicet,
574 3132 712 3204 quondam
722 3141 823 3188 sacrata
835 3142 876 3188 est
886 3133 952 3188 colle
968 3131 1080 3202 Quirini

465 3236 526 3290 Hac
536 3235 658 3290 Fortuna
670 3232 713 3290 die
728 3234 855 3302 Publica,
868 3251 946 3288 verus
958 3233 1018 3286 erit.

267 3372 406 3448 Verrius
420 3371 465 3447 ad
479 3372 512 3445 d.
526 3371 548 3443 5
561 3371 671 3473 April.
685 3369 775 3446 Ludi
786 3371 945 3444 Fortuna
954 3341 1100 3470 publicae
1116 3365 1294 3440 citeris...
1314 3365 1351 3478 in

269 3495 374 3584 colle3
392 3523 535 3596 eumque
552 3493 712 3596 supplens
729 3492 917 3590 Fogginius
932 3487 999 3587 legi
1020 3489 1095 3565 vult
1114 3489 1263 3575 celestini,
1291 3486 1352 3562 sed

266 3622 309 3696 ad
320 3623 481 3696 Fortuna
492 3613 591 3694 Publ.
603 3617 728 3692 referri.
740 3619 924 3692 Fortunam
936 3613 1126 3690 citeriorem
1135 3629 1245 3687 autern
1259 3641 1352 3687 eam-

269 3746 343 3820 dem
362 3773 433 3820 esse
449 3743 537 3832 vult,
556 3771 656 3845 quam
673 3740 764 3818 Plut.
776 3742 904 3839 Quast
923 3767 1008 3814 rom.
1028 3735 1091 3839 73,
1111 3743 1222 3836 βρὲθεμ
1235 3753 1350 3822 vocat,

267 3854 303 3941 id
321 3887 391 3957 est,
409 3867 504 3942 brevi
522 3867 741 3940 obventurum
755 3923 765 3954 ,
781 3865 876 3938 brevi
898 3862 1135 3951 neeessariam,
1151 3861 1253 3961 bujus
1270 3857 1349 3932 diei.

267 3987 334 4065 Sed
352 3991 516 4066 catenatam
531 3992 717 4065 Fortunam
733 3987 889 4064 absolute
912 3987 962 4060 ita
978 3985 1134 4087 usurpari
1148 4010 1267 4086 posse,
1294 4009 1354 4055 re·

264 4106 437 4212 hementer
447 4107 585 4183 omnino
598 4105 739 4196 dubito,
753 4123 789 4180 et
801 4132 905 4208 qmrm
914 4103 978 4178 alia
989 4101 1184 4206 explicatio,
1199 4129 1265 4202 qua
1274 4101 1351 4173 cite·

268 4231 388 4306 rr'oriio
403 4231 481 4308 colle
494 4233 696 4332 jungantur,
715 4230 917 4333 prastosit3
935 4227 1057 4304 dubito
1070 4255 1117 4302 an
1128 4224 1354 4326 illauuquam
