3025 5009
286 412 354 510 478
687 381 982 485 Excessus

336 556 505 633 Herculem
521 555 708 660 Muscgeten
729 558 846 657 (Fast.
863 561 934 649 vt,
959 556 1043 634 812.
1063 555 1195 634 Adnuit
1211 559 1373 652 Alcides,

283 681 492 784 rircrepw'tque
505 681 631 788 hrum)
649 679 874 784 probabiliter
888 681 931 756 ad
947 700 1091 758 statuum
1108 683 1145 757 in
1165 684 1292 786 templo
1307 715 1374 790 po·

286 807 384 883 sitam
401 834 595 909 expressum
609 807 710 882 nobis
727 805 827 883 affert
851 836 1010 884 nummus
1035 808 1216 911 Pomponii
1240 812 1373 900 Musae,

285 931 450 1008 exhibens
468 929 648 1007 Herculem
664 959 739 1006 cum
757 931 930 1007 attributis
950 933 1020 1041 lym
1035 947 1191 1006 conentur
1214 961 1242 1007 c.
1268 934 1371 1010 inser.

224 1155 228 1161 .
285 1055 439 1131 Hercules
450 1055 628 1130 Murrum.
647 1054 768 1130 Ekhel.
787 1053 810 1129 1.
825 1085 853 1131 c.
870 1073 951 1130 tom.
971 1057 1019 1146 V,
1033 1085 1068 1158 p.
1088 1053 1171 1130 283.

334 1177 431 1253 Fust.
461 1176 553 1266 ΙΙΙ,
580 1176 662 1252 253.
681 1175 812 1255 Junoui
831 1179 968 1256 Lucina
987 1207 1081 1254 more
1105 1176 1248 1255 solemni
1273 1180 1375 1256 dores

285 1300 501 1376 offeruntur:

419 1473 502 1540 Ferte
513 1471 665 1543 Denflores
676 1488 687 1539 ,‘
708 1471 807 1543 gaudet
811 1474 965 1540 fiomntr'dus
976 1471 1066 1526 herbis

473 1563 540 1620 Hoc
553 1563 631 1632 Dea,
645 1563 679 1618 de
691 1573 787 1619 tenero
796 1563 895 1634 cingite
907 1562 975 1618 flore
986 1572 1075 1634 caput.

284 1703 403 1781 Flores
418 1724 529 1782 autem
549 1707 620 1807 ejus
640 1704 842 1782 attributum
858 1705 963 1782 fuisse
978 1734 997 1782 e
1015 1735 1154 1781 nummo
1170 1704 1311 1782 Lucillae
1321 1707 1374 1779 vi-

285 1828 423 1921 demus,
443 1829 502 1906 ubi
520 1847 588 1906 sut
603 1828 730 1906 Lucina
748 1828 867 1905 dextra
879 1826 1153 1932 extentustorrm,
1169 1859 1196 1905 s.
1210 1830 1374 1905 infantem

285 1969 403 2029 tenens
421 1981 434 2028 τ
451 1971 485 2029 et
501 1980 592 2028 nnnc
609 1971 724 2054 patet,
743 1952 827 2055 qnid
845 1951 912 2028 sibi
930 1951 1035 2027 veiint
1056 1951 1157 2028 flores
1174 1982 1277 2056 opere
1298 1983 1375 2028 mn-

286 2075 358 2150 sivo
376 2076 527 2178 expressi
544 2076 581 2148 in
597 2075 812 2177 pavimento,
833 2074 926 2176 quod
944 2103 961 2152 e
977 2075 1086 2150 ruinis
1105 2075 1222 2180 templi
1237 2078 1374 2152 Lucinae

285 2218 417 2275 erutum
436 2199 540 2274 tradit
558 2198 699 2296 Foggin.
720 2198 852 2274 Comm.
871 2229 907 2302 p.
924 2225 984 2275 21.

334 2321 437 2397 Lares
452 2322 627 2424 prestites,
649 2338 689 2396 ut
706 2320 749 2396 ab
768 2321 938 2413 Ovidii,
963 2349 1054 2424 129,
1079 2321 1240 2425 descripti
1268 2341 1372 2413 sunt,

286 2464 399 2523 exacte
413 2445 550 2523 exhibet
565 2473 725 2522 nummus
743 2446 854 2543 gentis
871 2445 994 2522 Cesire.
1011 2445 1141 2550 Vejoris
1158 2448 1270 2547 (Fast.
1290 2449 1371 2538 ΙΙΙ,

286 2568 384 2672 433)
403 2597 480 2646 cum
496 2598 596 2672 capra
610 2568 779 2660 adstante,
796 2570 843 2645 itu
856 2587 967 2646 umen
981 2589 1020 2646 ut
1030 2567 1157 2644 fulmen
1169 2570 1274 2661 adsit,
1289 2600 1373 2646 con-

286 2711 335 2770 tra
355 2693 537 2782 Ovidium,
556 2693 593 2766 in
609 2692 719 2790 gentis
737 2690 887 2768 Fonteio
901 2691 1046 2768 denariis
1061 2691 1216 2768 habetur.

333 2815 425 2892 Juro
437 2815 564 2918 Sospite
581 2815 681 2918 (quo
691 2817 729 2890 in
740 2817 888 2892 nummis
896 2815 1022 2919 Sispitu
1035 2817 1138 2892 scribi
1148 2817 1250 2907 solet,
1264 2817 1370 2908 nude,

284 2967 327 3015 an
345 2938 549 3042 etymologia
565 2969 584 3016 a
604 2968 743 3043 sospes,
762 2940 944 3043 sospitare,
963 2941 1120 3030 recusit,
1142 2940 1292 3016 dubitari
1308 2971 1373 3045 po-

285 3064 381 3163 test)
411 3065 501 3138 Fast.
520 3065 574 3152 ΙΙ,
604 3061 670 3153 55,
696 3063 732 3136 in
757 3060 901 3138 denariis
925 3061 1100 3153 Procilio,
1125 3062 1217 3138 Jnuo
1237 3063 1372 3138 Moneta

287 3189 403 3287 (Fast.
422 3188 490 3277 vl,
514 3185 608 3290 183)
625 3187 661 3262 in
678 3188 825 3263 nummis
840 3188 951 3286 gentis
966 3189 1101 3263 Curisiae
1116 3205 1234 3264 exstat.

338 3310 394 3384 dd
410 3311 500 3386 Fast.
520 3312 590 3401 lv,
616 3310 711 3412 945,
731 3311 766 3385 in
781 3310 847 3386 fine
859 3311 950 3400 ,ubi
971 3311 1047 3386 vide
1070 3329 1169 3386 notus
1181 3315 1371 3410 argumenti

135 3451 137 3454 ’
285 3432 440 3510 historici
457 3433 500 3506 ad
518 3432 725 3509 insturnobis
741 3447 945 3508 astruamus
969 3434 1124 3527 Servilii,
1154 3436 1230 3509 vide
1247 3434 1369 3510 Ekhel.

284 3557 363 3634 loco
379 3555 429 3631 ibi
446 3555 590 3631 citando.

336 3681 404 3758 Sed
418 3682 570 3758 omnium
586 3679 890 3757 fructuosissimum
902 3681 994 3757 hund
1007 3681 1109 3757 dubie
1125 3699 1191 3770 est,
1207 3683 1237 3757 si
1248 3711 1319 3757 uuo
1333 3683 1369 3757 in

286 3807 361 3882 loeo
377 3807 443 3907 jam
456 3805 640 3896 Ekhelius,
659 3804 860 3903 virmognus
878 3806 987 3907 (tom.
999 3807 1039 3895 V,
1054 3833 1088 3906 p.
1103 3803 1199 3908 276)
1213 3803 1369 3881 lectionis

286 3931 490 4006 vindicanda
505 3932 592 4006 vium
611 3960 628 4007 e
645 3959 783 4006 nummo
806 3930 965 4007 ostendit.
1267 3937 1271 3943 ’

337 4053 431 4130 Fut.
459 4053 536 4142 VI,
555 4053 623 4127 651
644 4083 718 4157 sqq.
738 4053 806 4152 (cf.
826 4055 897 4129 Liv.
915 4055 982 4142 IX,
1000 4052 1365 4143 303etVal.Maxin1.

288 4179 342 4268 ΙΙ,
360 4175 399 4267 5,
419 4178 447 4278 ἓ.
468 4177 524 4275 4).
552 4176 694 4254 Ovidius
713 4178 876 4276 originem
901 4177 1178 4280 Quinquatruum
1198 4179 1369 4254 minorum
