3025 5009
292 429 361 495 50⁸
685 428 978 499 EXCURSUS

291 567 332 642 de
357 568 500 643 Hercule
522 568 608 646 sorte
632 569 696 648 sub
722 572 859 646 nomine
875 545 1001 684 ‘lffl'b
1016 571 1133 664 idest,
1149 589 1329 666 mercator,
1346 574 1370 649 'a

290 690 510 768 Phoenicibus
527 693 634 785 culto,
653 698 748 797 cujus
771 719 805 774 et
824 700 906 776 ideae
924 685 962 774 et
973 671 1037 775 'res
1058 711 1158 791 gesta
1176 712 1293 797 postea
1309 694 1369 771 ali

293 810 425 910 qnando
441 810 483 886 ad
501 811 679 888 Herculem
697 845 841 912 grauem
857 815 1022 893 translatae
1039 831 1136 904 sunt,
1158 813 1226 912 jam
1241 813 1370 914 pridem

290 957 310 1002 a
326 927 526 1030 quibusdam
545 931 724 1032 conjectata
744 961 816 1009 esse
831 933 927 1008 rideo
944 990 955 1025 ,
978 933 1044 1008 hoo
1061 929 1160 1007 etiam
1176 930 1313 1004 nomine
1333 932 1368 1004 in

291 1046 480 1123 subsidium
504 1078 620 1125 vocare
644 1053 877 1128 tentaremus?
897 1053 988 1126 Bene
1017 1047 1065 1121 illi
1090 1047 1245 1120 viderunt
1270 1047 1366 1145 (vid.

290 1162 473 1266 Encyclop.
484 1165 575 1241 univ.
594 1195 666 1241 roc.
683 1168 807 1268 Herc.)
824 1167 1008 1268 prasertim
1022 1163 1139 1239 itinera
1152 1161 1229 1250 illa,
1245 1161 1367 1264 quibus

292 1298 453 1356 terrarum
474 1279 589 1356 orbem
606 1286 794 1386 peragravit
804 1341 815 1376 ,
841 1284 883 1359 ad
902 1285 1074 1358 Oceanum
1091 1309 1197 1380 usque
1214 1279 1369 1354 occiden-

293 1393 393 1470 talem
401 1399 602 1497 penetravit,
617 1416 649 1472 et
660 1398 816 1476 Herculis
830 1397 1001 1473 columnas
1015 1394 1182 1485 condidit,
1192 1394 1234 1468 ad
1247 1396 1370 1469 llercu·

290 1507 356 1584 lem
380 1510 476 1586 illum
501 1513 623 1615 tprinm
646 1516 783 1618 proprie
806 1518 994 1618 pertinere,
1015 1532 1048 1590 et
1063 1513 1141 1590 iude
1157 1513 1200 1588 ad
1214 1512 1369 1588 Herculis

291 1627 389 1724 graeci
417 1629 557 1719 famam,
584 1631 638 1706 cui
661 1660 782 1728 magna
805 1632 903 1709 etiam
928 1632 1046 1708 itinera
1071 1631 1367 1722 adscribebantur,

290 1761 409 1844 postea
436 1745 611 1822 accessisse
637 1755 659 1821 ¹.
686 1748 825 1822 Poterat
848 1748 903 1821 hic
923 1747 1086 1822 Hercules
1114 1745 1220 1848 tyrius
1238 1747 1369 1849 priscus

290 1888 407 1936 eornm
424 1862 523 1938 heros
540 1892 630 1955 esse,
652 1894 750 1967 quem
767 1865 912 1968 primum
931 1864 1002 1940 loca
1020 1862 1077 1939 illa
1094 1863 1135 1938 ad
1151 1882 1368 1938 mercaturam

292 1982 484 2078 gravissima
510 1984 630 2060 adiisse
645 1985 732 2060 fama
746 1985 923 2076 narrabat,
941 2002 975 2060 et
991 2013 1090 2086 quem
1104 2012 1195 2059 nunc
1211 2000 1369 2086 tanquam

292 2097 479 2175 divitiarum
498 2119 532 2175 et
545 2098 687 2176 fortunae
701 2120 870 2177 auctorem
886 2121 985 2204 atque
1002 2099 1176 2204 presidem
1196 2098 1369 2187 colebant,

290 2214 387 2316 eique
405 2245 468 2318 pro
486 2215 575 2290 felici
597 2246 751 2294 successu
768 2238 846 2296 rota
863 2218 1038 2294 faciebant.
1064 2220 1140 2292 lloc
1158 2217 1261 2292 modo
1281 2218 1370 2292 fler-

290 2330 397 2438 enlem
417 2331 512 2435 Tyri,
533 2333 753 2430 Carthagine,
774 2334 926 2409 Gadibus
951 2334 1026 2435 pari
1046 2332 1213 2429 religione
1240 2330 1369 2406 cultum

291 2474 361 2521 esse
381 2446 540 2545 legimus;
561 2468 594 2523 et
620 2450 732 2524 omnia
754 2451 817 2526 ista
836 2449 959 2552 templa
978 2449 1076 2525 donis
1104 2446 1369 2554 opulentissimis

291 2563 427 2639 Herculi
445 2597 483 2642 er
496 2583 576 2640 voto
589 2566 676 2643 datis
694 2567 874 2669 conspicua
887 2568 1031 2643 suerunt.
1045 2569 1098 2641 De
1110 2565 1233 2668 opibus
1251 2564 1367 2666 templi

209 2757 214 2776 ,
292 2681 369 2782 tyrii
392 2681 467 2755 vide
495 2683 572 2758 Dio.
597 2685 804 2785 XL11‚49;
832 2703 866 2759 et
883 2683 1053 2772 eumdem,
1074 2681 1215 2768 XLlll‚
1241 2679 1312 2781 39,
1329 2679 1370 2756 de

293 2797 419 2900 templo
450 2798 630 2895 gaditano,
656 2790 757 2903 ¹qnod
792 2829 931 2904 prorsus
958 2795 1064 2876 simile
1086 2818 1155 2874 erat
1186 2797 1236 2872 illi
1262 2792 1370 2902 tyrios

293 2911 417 2987 llerod.
437 2917 492 3004 ll,
513 2916 580 3010 44;
599 2916 758 2992 Pbilostr.
780 2919 826 3007 V,
846 2918 878 3012 4.

342 3029 540 3104 Persuasum
559 3031 635 3105 inde
659 3031 742 3106 mibi
771 3031 903 3121 babeo,
923 3034 1094 3107 Romanos
1109 3027 1202 3103 bunc
1217 3058 1367 3118 morem,

290 3133 377 3218 rotis
395 3164 428 3220 et
445 3145 592 3221 decumis
609 3148 643 3221 in
660 3147 816 3223 Herculis
832 3179 887 3225 ara
912 3148 1052 3238 oblatis,
1071 3147 1202 3222 diuitias
1218 3146 1262 3221 ab
1280 3149 1367 3220 ller-

293 3259 364 3336 eule
384 3267 581 3368 expetendi,
602 3267 697 3368 eique
713 3295 816 3368 opum
831 3285 865 3340 et
875 3266 1018 3340 lortuua
1034 3263 1227 3368 presidium
1243 3258 1367 3338 adscri-

292 3379 417 3472 bendi,
437 3384 714 3485 quandocumque
737 3385 778 3458 ab
802 3385 868 3458 boe
885 3383 1082 3458 Phoenicum
1101 3409 1193 3456 more
1206 3380 1365 3481 petiisse;

292 3516 326 3574 et
342 3515 429 3572 certe
451 3498 505 3572 hie
518 3527 592 3572 mos
610 3527 702 3601 aeque
716 3499 844 3574 aceedit
856 3527 962 3602 prope
974 3497 1018 3572 ad
1032 3497 1154 3602 tyrium
1170 3495 1266 3571 illum
1281 3499 1368 3572 ller-

293 3617 415 3707 culem,
435 3646 536 3719 qnam
557 3615 674 3719 procul
698 3646 774 3692 eum
792 3615 971 3692 abhorrere
994 3616 1038 3692 ab
1062 3616 1165 3691 beroe
1181 3615 1240 3690 illo
1259 3643 1366 3712 graeco

294 3765 409 3812 omnes
426 3736 589 3811 viderunt.
606 3743 619 3774 ²

326 3911 335 3941 ¹
355 3909 407 3979 lpsi
424 3917 515 3979 portus
532 3905 673 3974 Herculis,
690 3923 807 3975 quornm
855 3915 914 3970 tur,
929 3903 973 3973 qni
986 3903 1078 3958 omnia
1090 3905 1119 3958 in
1133 3901 1279 3958 Herculem
1294 3914 1367 3958 tam·

291 3987 320 4041 in
333 3987 408 4041 ltalia
419 3985 506 4056 plures
518 3996 679 4052 occurrunt,
694 3985 731 4038 Η.
743 3984 807 4037 Μο·
856 3999 936 4052 quam
957 4001 1058 4036 nomen
1076 3981 1182 4053 aliquod
1199 3982 1298 4041 illustre
1317 4001 1369 4035 en·

291 4065 376 4132 noeci,
387 4066 531 4134 Labronis,
542 4065 569 4120 in
580 4064 675 4135 quibus
683 4063 754 4118 lama
768 4085 807 4120 ac·
854 4060 1260 4132 molebant.VideVirg.rol.lll
1268 4072 1368 4117 norun

290 4145 377 4213 cedit,
393 4165 438 4200 eos
450 4145 548 4216 abipso
557 4142 673 4198 Hercule
685 4144 805 4199 conditos
856 4142 923 4197 cott.
934 4163 990 4213 pag.
1001 4143 1066 4209 203,
1079 4151 1135 4195 not
1153 4141 1210 4194 831.
1222 4141 1272 4193 Ed.

292 4243 363 4295 esse,
375 4222 407 4279 ad
417 4223 555 4280 Phoenices
566 4223 700 4294 pertinere
710 4222 806 4278 riden-
887 4220 1020 4292 ’Quodsi
1031 4220 1112 4293 igitur
1120 4220 1148 4274 in
1157 4219 1239 4292 syna
1248 4219 1371 4277 nummis
