3025 5009
424 454 717 526 rnsrouuu
742 459 840 527 nm.
867 461 944 530 111.
1159 467 1219 558 193

154 601 235 673 thu
252 612 334 671 nota
349 612 400 672 est
414 596 537 672 Martis
553 597 662 673 Nonis
679 627 688 671 ε
705 616 832 673 sacrata
848 598 939 702 quod
955 599 1024 677 illis

197 714 337 818 Templa
350 731 473 817 putant
489 712 585 790 lucos
599 717 735 815 Vejovis
748 735 824 791 ante
840 716 936 792 duos.
1173 742 1224 812 4³⁰

148 831 316 910 Romulus
334 849 374 906 ut
391 859 471 906 saxo
484 831 597 906 lucum
615 833 832 909 circumdedit
847 832 937 910 alto:

199 950 356 1051 Quilibet
373 950 458 1040 buc,
474 950 605 1052 inquit,
626 951 789 1046 confuge,
806 969 899 1026 tutus
916 954 990 1030 eris.

149 1068 183 1141 0
202 1093 302 1167 qnam
321 1064 361 1138 de
376 1063 468 1138 tenni
485 1064 658 1138 Romanus
674 1065 803 1160 origine
819 1067 942 1140 erevit!

197 1183 313 1259 Turba
327 1199 423 1257 retus
438 1210 538 1284 quam
552 1211 623 1256 non
638 1181 804 1257 invidiosa
820 1183 903 1258 fuit!

145 1303 198 1376 Ne
216 1319 327 1376 tamen
344 1300 462 1397 ignaro
479 1301 610 1374 novitas
628 1299 695 1374 tibi
711 1300 858 1374 nominis
875 1301 1005 1391 obstet,
1176 1327 1227 1398 436

197 1415 318 1504 Disce,
336 1414 413 1515 quis
428 1415 491 1488 iste
508 1414 622 1503 Dens,
640 1442 738 1488 curve
753 1432 890 1489 vocetur
904 1415 960 1490 ita.

147 1533 285 1636 Jupiter
300 1550 352 1608 est
366 1532 497 1632 juvenis
515 1530 699 1630 :juveniles
715 1532 849 1633 adspice
867 1531 1004 1608 vultus:

194 1645 345 1746 Adspice
360 1644 480 1718 deinde
496 1672 653 1733 manum
669 1643 807 1720 fulmina
822 1643 915 1722 nulla
933 1651 1032 1724 te'net.

145 1762 321 1851 Fulmina,
339 1780 422 1864 post
436 1789 536 1837 ausos
551 1761 668 1836 celum
684 1762 838 1850 affectare
858 1762 1036 1860 Gigantas,

199 1881 316 1955 Sumta
330 1881 408 1954 Jovi
424 1880 557 1981 :primo
574 1897 724 1982 tempore
740 1881 876 1956 inermis
893 1899 971 1956 erat.
1177 1908 1243 1981 440,

148 2064 240 2107 terum
250 2052 282 2105 ab
293 2051 348 2122 igni
360 2049 539 2104 adbominem
551 2049 661 2104 transla-
710 2049 781 2120 vius,
794 2051 850 2119 IV,
864 2073 893 2124 7,
907 2051 951 2108 ubi
966 2051 998 2106 de
1012 2063 1144 2110 structura
1157 2066 1228 2110 tem-

144 2132 323 2192 tum-Dat,
335 2127 508 2182 Goesar.Vide
517 2127 661 2182 Heinsium
710 2129 959 2200 plorumloquitur,
971 2151 986 2179 «
1001 2131 1041 2186 uti
1054 2143 1094 2187 est
1111 2133 1229 2190 Castoris

146 2209 374 2263 etBurmannum
385 2206 419 2260 ad
431 2207 531 2278 ttae
649 2256 653 2265 ,
711 2208 766 2262 »in
783 2205 862 2262 Circo
874 2209 1061 2278 Flaminio,et
1073 2211 1145 2266 inter
1158 2212 1226 2270 duos

187 2286 310 2358 429-448.
324 2287 427 2356 Vejovis
442 2290 509 2339 edes
520 2287 603 2339 Nonii
613 2287 664 2336 de-
711 2305 726 2332 »
738 2284 810 2339 lucos
818 2285 936 2356 Veioris.
945 2308 959 2333 »
967 2285 1072 2343 Gellius
1083 2289 1159 2346 Noot.
1170 2291 1227 2350 Au.

145 2368 264 2420 licum
279 2364 405 2417 Romulo.
414 2362 457 2416 De
465 2381 499 2416 eo
507 2374 596 2416 autem
603 2361 665 2416 Deo
710 2363 757 2430 V,
768 2384 796 2418 12
814 2383 821 2418 ι
837 2385 851 2412 s
870 2363 917 2418 Est
929 2377 1018 2418 autern
1035 2365 1105 2422 edes
1117 2368 1226 2439 Vejoris

145 2444 233 2512 quum
241 2442 319 2495 sarire
333 2441 583 2507 essentsententiae,
595 2451 664 2494 uter
711 2460 726 2486 1·
739 2439 1226 2514 Romaeinteraroemetcnpitolium.»

144 2518 426 2585 coustitutum,
438 2539 483 2584 rr,
497 2530 622 2588 apparet,
634 2527 662 2572 et
710 2518 789 2572 Adde
803 2519 833 2572 P.
843 2520 982 2574 Victorem
995 2523 1022 2576 in
1037 2525 1107 2579 vtlt
1118 2526 1185 2598 Reg.

145 2617 198 2653 noe
211 2598 274 2651 inde
292 2617 355 2651 mox
370 2597 533 2664 ridebimus,
550 2597 663 2652 Ovidius
743 2597 800 2664 432.
813 2597 944 2652 Revocavi
956 2604 1062 2668 quilibet
1072 2605 1135 2667 huc,
1154 2603 1227 2674 quod

144 2677 211 2750 quid
219 2679 274 2749 ipse
282 2677 379 2731 sentiat
391 2677 419 2729 in
430 2676 550 2730 medinm
562 2674 647 2729 affero
709 2675 847 2730 ratisbone
858 2676 975 2746 dictum,
990 2699 1077 2750 neque
1085 2681 1118 2736 ab
1132 2683 1226 2738 Hein-

179 2759 278 2811 traam
290 2759 381 2811 Nonis.
391 2755 598 2811 Revocaribane
608 2756 664 2808 lec·
709 2755 874 2827 eioldebebnt
888 2776 943 2810 non
956 2759 1006 2811 nisi
1019 2758 1135 2814 duorum
1150 2763 1225 2819 MSS

143 2838 249 2892 tionem
259 2836 301 2892 cui
311 2837 438 2890 Heinsius
446 2835 592 2889 exvetustis
603 2833 664 2904 qui·
710 2831 813 2887 Mor-eti
824 2842 851 2888 et
860 2833 925 2887 Jun.
936 2836 1090 2891 auctoritate
1103 2838 1129 2891 in
1143 2842 1226 2894 Cuili-

143 2917 259 2971 busdam
275 2916 350 2970 MSS
361 2916 550 2982 substituerat,
564 2915 647 2966 Marti
654 2933 664 2966 ,·
709 2911 833 2963 berellae
845 2913 951 2965 mutari.
964 2912 999 2966 Et
1006 2912 1125 2986 confugit
1135 2915 1226 2973 bucer

144 2998 238 3051 Nonis.
254 2995 319 3050 Non
330 2994 404 3048 enirn
422 2994 471 3049 toti
489 2993 604 3064 Martio,
615 2991 664 3046 sed
709 2990 831 3044 finitimis
842 2991 945 3062 populis
958 2993 1035 3046 turba
1048 2997 1150 3064 omnis,
1167 2997 1225 3054 sine

144 3073 354 3141 ttonisejusm
363 3071 663 3139 tantumnotaadserip-
710 3067 876 3137 discrimine,
890 3069 955 3122 liber
965 3089 999 3123 an
1009 3089 1099 3126 servus
1111 3086 1226 3130 esset·
1303 3097 1307 3106 ·

145 3161 174 3205 ta
185 3148 280 3204 eratin
292 3148 488 3203 Kalendaribus
497 3147 589 3202 Fastis.
600 3147 664 3201 Me·
714 3147 823 3208 Tenuis,
839 3145 960 3211 humili„
974 3147 1031 3210 Liv.
1048 3147 1092 3215 11,
1107 3165 1135 3217 ι,
1150 3172 1163 3198 α
1181 3151 1225 3206 illa

147 3230 202 3282 rito
212 3227 294 3298 igitur
302 3227 383 3280 etiam
391 3225 520 3279 Krebsius
529 3223 598 3278 banc
610 3224 665 3278 lec-
712 3233 873 3294 »pastorum
886 3242 1119 3297 conuenarumque
1134 3229 1224 3300 plebs,

147 3307 252 3360 tionem
265 3303 392 3374 probarit.
404 3302 606 3375 -Dionysius,
620 3300 662 3368 tl,
711 3321 726 3348 ι·
739 3299 874 3370 transfuga
885 3320 917 3353 ex
927 3302 980 3355 suis
992 3305 1102 3374 populis.
1116 3309 1225 3362 ›0-N0-

150 3389 193 3451 1⁵,
207 3395 300 3438 auctor
309 3393 358 3451 est,
368 3381 517 3436 Romulum
525 3383 582 3435 loco
594 3379 665 3433 inter
710 3383 778 3435 relus
789 3384 912 3443 romuleis,
924 3380 1080 3438 inusitatum
1093 3396 1119 3438 et
1130 3387 1227 3442 obseu-

147 3461 302 3532 eepitolium
314 3472 342 3514 et
353 3478 441 3514 arcem
452 3458 494 3530 (v.
504 3457 536 3512 ad
547 3458 591 3525 11,
604 3459 662 3527 70),
711 3475 775 3511 rum
788 3476 898 3512 nomen.
906 3485 940 3500 -·
949 3461 1051 3524 Obstat,
1067 3462 1191 3521 offendat.

148 3543 195 3612 qui
213 3559 263 3595 suo
285 3538 372 3594 adbuc
391 3547 511 3609 tempore
529 3536 665 3590 dicebatur
744 3540 801 3609 437.
815 3540 982 3594 Sententiam
993 3540 1054 3596 dicit
1063 3544 1090 3596 in
1102 3543 1157 3598 fine
1175 3545 1224 3600 lori

147 3625 252 3697 prtiprea
270 3625 333 3673 δυοῖν
347 3625 439 3695 δρυμῶν
452 3621 463 3684 (
471 3615 575 3681 Livius,
589 3615 616 3681 l,
629 3613 663 3679 8,
712 3635 777 3670 vers.
788 3617 851 3687 447,
864 3619 1001 3686 premissis
1013 3624 1224 3690 argumentis.-

150 3700 250 3752 n'rnter
269 3697 335 3750 duos
357 3697 430 3749 lucos
447 3695 483 3760 u)
504 3705 582 3762 atque
600 3691 664 3745 olim
711 3693 956 3760 Jupiterjuoemtn:
968 3706 1053 3749 statua
1064 3700 1226 3768 Vejovisju·

148 3795 250 3832 nomen
264 3793 319 3828 are
333 3771 477 3843 acceperit,
490 3771 591 3844 asylum
604 3789 665 3839 ape·
712 3788 809 3823 renem
819 3769 1008 3825 refert—Post
1015 3793 1093 3826 ausos
1104 3785 1152 3828 etc.
1163 3777 1225 3830 Im-

148 3847 598 3922 ruisse,appositotemplo,inquo‹l
607 3866 665 3916 sup·
713 3848 896 3918 mopeius,in
913 3851 983 3904 bello
997 3872 1057 3905 cum
1070 3853 1222 3926 Titanibus,
1336 3889 1340 3896 ,

150 3933 230 4003 pllres
241 3941 270 3985 et
278 3947 405 3983 convena
417 3925 590 3996 confugerent
603 3923 665 3978 :sed
714 3923 844 3998 Cyclopes
861 3927 923 3980 Jovi
940 3927 1050 3982 fulmina
1067 3931 1224 4002 suppediea«

150 4013 192 4066 eui
213 4011 275 4064 Deo
299 4020 483 4063 consecratum
502 4007 582 4060 fuerit
600 4005 665 4059 illud
712 4014 777 4058 runt
787 4004 902 4074 ,quibus
914 4006 971 4059 telis
990 4017 1016 4060 et
1029 4018 1118 4077 postea
1132 4021 1225 4066 contra

149 4087 520 4159 templum,certosedicere
530 4103 663 4153 nonpos-
715 4085 844 4150 Gigantas
869 4093 896 4136 et
918 4082 1067 4156 Typbaeum
1090 4107 1151 4142 usus
1179 4100 1226 4144 est.

149 4185 184 4220 se.
201 4166 306 4233 Vejoru
316 4162 400 4218 eedem
411 4161 505 4232 fuisse,
519 4181 574 4218 nou
583 4161 665 4215 rnoelo
714 4161 907 4231 Apollodorus,
919 4165 946 4230 l,
962 4179 1001 4232 11,
1018 4186 1037 4220 ι.
1047 4165 1100 4222 Sed
1111 4187 1142 4222 ex
1150 4164 1226 4222 Tita-

151 4242 266 4298 (bitin
286 4241 369 4310 (licit,
386 4242 433 4298 sed
451 4253 479 4298 et
494 4240 551 4296 alii.
567 4240 665 4294 Vitru-
714 4238 855 4294 nomnebia
866 4242 1228 4316 multaruntapoetistrane·

274 4345 344 4416 VI.
1041 4350 1078 4436 ¹f
