<?xml version="1.0" encoding="UTF-8"?>
<!DOCTYPE html PUBLIC "-//W3C//DTD XHTML 1.0 Transitional//EN"
    "http://www.w3.org/TR/xhtml1/DTD/xhtml1-transitional.dtd">
<html xmlns="http://www.w3.org/1999/xhtml" xml:lang="en" lang="en">
 <head>
  <title>
</title>
<meta http-equiv="Content-Type" content="text/html;charset=utf-8" />
  <meta name='ocr-system' content='tesseract 3.04.00' />
  <meta name='ocr-capabilities' content='ocr_page ocr_carea ocr_par ocr_line ocrx_word'/>
</head>
<body>
  <div class='ocr_page' id='page_1' title='image "./publiiovidiinas00unkngoog_0289.png"; bbox 0 0 3025 5009; ppageno 0'>
   <div class='ocr_carea' id='block_1_1' title="bbox 284 466 351 559">
    <p class='ocr_par' dir='ltr' id='par_1_1' title="bbox 284 466 351 559">
     <span class='ocr_line' id='line_1_1' title="bbox 284 466 351 559; baseline 0.015 -27"><span class='ocrx_word' id='word_1_1' title='bbox 284 466 351 559; x_wconf 78' lang='lat'>276</span> 
     </span>
    </p>
   </div>
   <div class='ocr_carea' id='block_1_2' title="bbox 558 468 1089 541">
    <p class='ocr_par' dir='ltr' id='par_1_2' title="bbox 558 468 1089 541">
     <span class='ocr_line' id='line_1_2' title="bbox 558 468 1089 541; baseline 0.011 -6"><span class='ocrx_word' id='word_1_2' title='bbox 558 471 599 537; x_wconf 89' lang='lat' dir='ltr'>P.</span> <span class='ocrx_word' id='word_1_3' title='bbox 633 469 822 539; x_wconf 86' lang='lat' dir='ltr'>OVIDII</span> <span class='ocrx_word' id='word_1_4' title='bbox 850 468 1089 541; x_wconf 81' lang='lat' dir='ltr'>NASONIS</span> 
     </span>
    </p>
   </div>
   <div class='ocr_carea' id='block_1_3' title="bbox 275 603 1122 1395">
    <p class='ocr_par' dir='ltr' id='par_1_3' title="bbox 275 603 1122 1395">
     <span class='ocr_line' id='line_1_3' title="bbox 275 603 1058 709; baseline 0.008 -31"><span class='ocrx_word' id='word_1_5' title='bbox 275 605 368 680; x_wconf 86' lang='lat' dir='ltr'>Dum</span> <span class='ocrx_word' id='word_1_6' title='bbox 386 603 487 701; x_wconf 82' lang='lat' dir='ltr'>legit,</span> <span class='ocrx_word' id='word_1_7' title='bbox 509 604 618 680; x_wconf 89' lang='lat' dir='ltr'>oblito</span> <span class='ocrx_word' id='word_1_8' title='bbox 635 606 741 681; x_wconf 83' lang='lat' dir='ltr'>fertur</span> <span class='ocrx_word' id='word_1_9' title='bbox 758 625 909 703; x_wconf 81' lang='lat' dir='ltr'>gustasse</span> <span class='ocrx_word' id='word_1_10' title='bbox 927 606 1058 709; x_wconf 88' lang='lat' dir='ltr'>palato,</span> 
     </span>
     <span class='ocr_line' id='line_1_4' title="bbox 329 723 1104 825; baseline 0 -27"><span class='ocrx_word' id='word_1_11' title='bbox 329 728 548 825; x_wconf 81' lang='lat' dir='ltr'>Longamque</span> <span class='ocrx_word' id='word_1_12' title='bbox 565 723 760 825; x_wconf 83' lang='lat' dir='ltr'>imprudens</span> <span class='ocrx_word' id='word_1_13' title='bbox 775 723 957 799; x_wconf 82' lang='lat' dir='ltr'>exsoluisse</span> <span class='ocrx_word' id='word_1_14' title='bbox 974 726 1104 801; x_wconf 88' lang='lat' dir='ltr'>samem.</span> 
     </span>
     <span class='ocr_line' id='line_1_5' title="bbox 280 841 1064 943; baseline 0.001 -27"><span class='ocrx_word' id='word_1_15' title='bbox 280 844 366 940; x_wconf 76' lang='lat' dir='ltr'>Qua</span> <span class='ocrx_word' id='word_1_16' title='bbox 384 842 461 942; x_wconf 89' lang='lat' dir='ltr'>quia</span> <span class='ocrx_word' id='word_1_17' title='bbox 477 841 645 943; x_wconf 86' lang='lat' dir='ltr'>principio</span> <span class='ocrx_word' id='word_1_18' title='bbox 663 842 780 942; x_wconf 90' lang='lat' dir='ltr'>posuit</span> <span class='ocrx_word' id='word_1_19' title='bbox 796 842 920 940; x_wconf 84' lang='lat' dir='ltr'>jejunia</span> <span class='ocrx_word' id='word_1_20' title='bbox 935 844 1064 933; x_wconf 83' lang='lat' dir='ltr'>noctis,</span> 
     </span>
     <span class='ocr_line' id='line_1_6' title="bbox 328 958 1063 1060; baseline 0.001 -28"><span class='ocrx_word' id='word_1_21' title='bbox 328 960 479 1060; x_wconf 87' lang='lat' dir='ltr'>Tempus</span> <span class='ocrx_word' id='word_1_22' title='bbox 496 958 622 1032; x_wconf 88' lang='lat' dir='ltr'>hahent</span> <span class='ocrx_word' id='word_1_23' title='bbox 640 976 756 1059; x_wconf 73' lang='lat' dir='ltr'>mystae</span> <span class='ocrx_word' id='word_1_24' title='bbox 772 958 881 1033; x_wconf 87' lang='lat' dir='ltr'>sidera</span> <span class='ocrx_word' id='word_1_25' title='bbox 897 959 967 1033; x_wconf 88' lang='lat' dir='ltr'>visa</span> <span class='ocrx_word' id='word_1_26' title='bbox 985 960 1063 1035; x_wconf 89' lang='lat' dir='ltr'>cibi.</span> 
     </span>
     <span class='ocr_line' id='line_1_7' title="bbox 279 1071 1122 1174; baseline -0.001 -26"><span class='ocrx_word' id='word_1_27' title='bbox 279 1074 397 1149; x_wconf 84' lang='lat' dir='ltr'>Limen</span> <span class='ocrx_word' id='word_1_28' title='bbox 414 1090 454 1147; x_wconf 91' lang='lat' dir='ltr'>ut</span> <span class='ocrx_word' id='word_1_29' title='bbox 469 1072 623 1161; x_wconf 85' lang='lat' dir='ltr'>intravit,</span> <span class='ocrx_word' id='word_1_30' title='bbox 641 1071 753 1147; x_wconf 85' lang='lat' dir='ltr'>luctus</span> <span class='ocrx_word' id='word_1_31' title='bbox 769 1072 860 1147; x_wconf 88' lang='lat' dir='ltr'>videt</span> <span class='ocrx_word' id='word_1_32' title='bbox 876 1073 987 1148; x_wconf 90' lang='lat' dir='ltr'>omnia</span> <span class='ocrx_word' id='word_1_33' title='bbox 1004 1072 1122 1174; x_wconf 90' lang='lat' dir='ltr'>plena:</span> 
     </span>
     <span class='ocr_line' id='line_1_8' title="bbox 327 1186 1023 1291; baseline 0.001 -28"><span class='ocrx_word' id='word_1_34' title='bbox 327 1192 404 1263; x_wconf 90' lang='lat' dir='ltr'>Jam</span> <span class='ocrx_word' id='word_1_35' title='bbox 422 1217 500 1290; x_wconf 86' lang='lat' dir='ltr'>spes</span> <span class='ocrx_word' id='word_1_36' title='bbox 518 1189 555 1261; x_wconf 90' lang='lat' dir='ltr'>in</span> <span class='ocrx_word' id='word_1_37' title='bbox 572 1216 678 1291; x_wconf 88' lang='lat' dir='ltr'>puero</span> <span class='ocrx_word' id='word_1_38' title='bbox 698 1186 791 1261; x_wconf 87' lang='lat' dir='ltr'>nulla</span> <span class='ocrx_word' id='word_1_39' title='bbox 808 1187 925 1263; x_wconf 89' lang='lat' dir='ltr'>salutis</span> <span class='ocrx_word' id='word_1_40' title='bbox 942 1206 1023 1264; x_wconf 87' lang='lat' dir='ltr'>erat.</span> 
     </span>
     <span class='ocr_line' id='line_1_9' title="bbox 280 1304 1051 1395; baseline -0.003 -14"><span class='ocrx_word' id='word_1_41' title='bbox 280 1308 391 1381; x_wconf 87' lang='lat' dir='ltr'>Matre</span> <span class='ocrx_word' id='word_1_42' title='bbox 408 1305 572 1392; x_wconf 87' lang='lat' dir='ltr'>salutata,</span> <span class='ocrx_word' id='word_1_43' title='bbox 590 1321 696 1378; x_wconf 86' lang='lat' dir='ltr'>mater</span> <span class='ocrx_word' id='word_1_44' title='bbox 710 1304 878 1379; x_wconf 79' lang='lat' dir='ltr'>Metanira</span> <span class='ocrx_word' id='word_1_45' title='bbox 895 1322 1051 1395; x_wconf 85' lang='lat' dir='ltr'>vocatur,</span> 
     </span>
    </p>
   </div>
   <div class='ocr_carea' id='block_1_4' title="bbox 326 1420 986 1523">
    <p class='ocr_par' dir='ltr' id='par_1_4' title="bbox 326 1420 986 1523">
     <span class='ocr_line' id='line_1_10' title="bbox 326 1420 986 1523; baseline -0.003 -27"><span class='ocrx_word' id='word_1_46' title='bbox 326 1425 474 1519; x_wconf 80' lang='lat' dir='ltr'>Ju&#39;ngere</span> <span class='ocrx_word' id='word_1_47' title='bbox 491 1420 629 1516; x_wconf 80' lang='lat' dir='ltr'>dignata</span> <span class='ocrx_word' id='word_1_48' title='bbox 645 1437 698 1495; x_wconf 89' lang='lat' dir='ltr'>est</span> <span class='ocrx_word' id='word_1_49' title='bbox 714 1448 753 1494; x_wconf 89' lang='lat' dir='ltr'>os</span> <span class='ocrx_word' id='word_1_50' title='bbox 770 1420 898 1523; x_wconf 82' lang='lat' dir='ltr'>puerile</span> <span class='ocrx_word' id='word_1_51' title='bbox 912 1450 986 1496; x_wconf 89' lang='lat' dir='ltr'>suo.</span> 
     </span>
    </p>
   </div>
   <div class='ocr_carea' id='block_1_5' title="bbox 1307 1445 1356 1515">
    <p class='ocr_par' dir='ltr' id='par_1_5' title="bbox 1307 1445 1356 1515">
     <span class='ocr_line' id='line_1_11' title="bbox 1307 1445 1356 1515; baseline -0.02 -17"><span class='ocrx_word' id='word_1_52' title='bbox 1307 1445 1356 1515; x_wconf 72' lang='lat'>⁵40</span> 
     </span>
    </p>
   </div>
   <div class='ocr_carea' id='block_1_6' title="bbox 277 1537 1258 1989">
    <p class='ocr_par' dir='ltr' id='par_1_6' title="bbox 277 1537 1169 1753">
     <span class='ocr_line' id='line_1_12' title="bbox 277 1537 1169 1642; baseline -0.001 -28"><span class='ocrx_word' id='word_1_53' title='bbox 277 1538 391 1614; x_wconf 89' lang='lat' dir='ltr'>Pallor</span> <span class='ocrx_word' id='word_1_54' title='bbox 407 1538 498 1627; x_wconf 87' lang='lat' dir='ltr'>abit,</span> <span class='ocrx_word' id='word_1_55' title='bbox 518 1537 705 1637; x_wconf 72' lang='lat' dir='ltr'>subitasque</span> <span class='ocrx_word' id='word_1_56' title='bbox 721 1537 884 1633; x_wconf 81' lang='lat' dir='ltr'>rigentia</span> <span class='ocrx_word' id='word_1_57' title='bbox 901 1566 1042 1642; x_wconf 91' lang='lat' dir='ltr'>corpore</span> <span class='ocrx_word' id='word_1_58' title='bbox 1059 1538 1169 1613; x_wconf 85' lang='lat' dir='ltr'>vires:</span> 
     </span>
     <span class='ocr_line' id='line_1_13' title="bbox 325 1653 965 1753; baseline -0.003 -23"><span class='ocrx_word' id='word_1_59' title='bbox 325 1660 455 1731; x_wconf 87' lang='lat' dir='ltr'>Tantus</span> <span class='ocrx_word' id='word_1_60' title='bbox 472 1653 594 1730; x_wconf 82' lang='lat' dir='ltr'>caelesti</span> <span class='ocrx_word' id='word_1_61' title='bbox 607 1653 700 1729; x_wconf 86' lang='lat' dir='ltr'>venit</span> <span class='ocrx_word' id='word_1_62' title='bbox 714 1653 758 1728; x_wconf 89' lang='lat' dir='ltr'>ab</span> <span class='ocrx_word' id='word_1_63' title='bbox 776 1681 833 1728; x_wconf 90' lang='lat' dir='ltr'>ore</span> <span class='ocrx_word' id='word_1_64' title='bbox 848 1654 965 1753; x_wconf 83' lang='lat' dir='ltr'>rigor!</span> 
     </span>
    </p>

    <p class='ocr_par' dir='ltr' id='par_1_7' title="bbox 278 1768 1258 1989">
     <span class='ocr_line' id='line_1_14' title="bbox 278 1768 1258 1875; baseline -0.002 -26"><span class='ocrx_word' id='word_1_65' title='bbox 278 1777 367 1849; x_wconf 84' lang='lat' dir='ltr'>Tota</span> <span class='ocrx_word' id='word_1_66' title='bbox 384 1772 504 1847; x_wconf 92' lang='lat' dir='ltr'>domus</span> <span class='ocrx_word' id='word_1_67' title='bbox 520 1768 594 1847; x_wconf 83' lang='lat' dir='ltr'>laeta</span> <span class='ocrx_word' id='word_1_68' title='bbox 610 1787 683 1844; x_wconf 89' lang='lat' dir='ltr'>est:</span> <span class='ocrx_word' id='word_1_69' title='bbox 699 1770 766 1844; x_wconf 86' lang='lat' dir='ltr'>hoc</span> <span class='ocrx_word' id='word_1_70' title='bbox 783 1786 852 1858; x_wconf 85' lang='lat' dir='ltr'>est,</span> <span class='ocrx_word' id='word_1_71' title='bbox 871 1789 1064 1873; x_wconf 85' lang='lat' dir='ltr'>materque,</span> <span class='ocrx_word' id='word_1_72' title='bbox 1080 1788 1258 1875; x_wconf 89' lang='lat' dir='ltr'>paterque,</span> 
     </span>
     <span class='ocr_line' id='line_1_15' title="bbox 324 1886 997 1989; baseline -0.003 -26"><span class='ocrx_word' id='word_1_73' title='bbox 324 1892 478 1989; x_wconf 87' lang='lat' dir='ltr'>Nataque</span> <span class='ocrx_word' id='word_1_74' title='bbox 494 1918 501 1960; x_wconf 94' lang='lat'>:</span> <span class='ocrx_word' id='word_1_75' title='bbox 517 1905 586 1962; x_wconf 88' lang='lat' dir='ltr'>tres</span> <span class='ocrx_word' id='word_1_76' title='bbox 602 1886 654 1959; x_wconf 94' lang='lat' dir='ltr'>illi</span> <span class='ocrx_word' id='word_1_77' title='bbox 673 1904 745 1961; x_wconf 93' lang='lat' dir='ltr'>tota</span> <span class='ocrx_word' id='word_1_78' title='bbox 760 1886 852 1960; x_wconf 86' lang='lat' dir='ltr'>luere</span> <span class='ocrx_word' id='word_1_79' title='bbox 868 1887 997 1961; x_wconf 90' lang='lat' dir='ltr'>domus.</span> 
     </span>
    </p>
   </div>
   <div class='ocr_carea' id='block_1_7' title="bbox 256 2002 1133 2121">
    <p class='ocr_par' dir='ltr' id='par_1_8' title="bbox 256 2002 1133 2121">
     <span class='ocr_line' id='line_1_16' title="bbox 256 2002 1133 2121; baseline -0.006 -39"><span class='ocrx_word' id='word_1_80' title='bbox 256 2008 364 2121; x_wconf 27' lang='lat' dir='ltr'>‘Mox</span> <span class='ocrx_word' id='word_1_81' title='bbox 380 2004 496 2107; x_wconf 84' lang='lat' dir='ltr'>epulas</span> <span class='ocrx_word' id='word_1_82' title='bbox 512 2020 665 2105; x_wconf 89' lang='lat' dir='ltr'>ponunt,</span> <span class='ocrx_word' id='word_1_83' title='bbox 684 2002 862 2103; x_wconf 79' lang='lat' dir='ltr'>liquefacta</span> <span class='ocrx_word' id='word_1_84' title='bbox 880 2002 1021 2098; x_wconf 79' lang='lat' dir='ltr'>coagula</span> <span class='ocrx_word' id='word_1_85' title='bbox 1035 2002 1133 2093; x_wconf 85' lang='lat' dir='ltr'>lacte,</span> 
     </span>
    </p>
   </div>
   <div class='ocr_carea' id='block_1_8' title="bbox 1307 2028 1417 2098">
    <p class='ocr_par' dir='ltr' id='par_1_9' title="bbox 1307 2028 1417 2098">
     <span class='ocr_line' id='line_1_17' title="bbox 1307 2028 1417 2098; baseline 0 -17"><span class='ocrx_word' id='word_1_86' title='bbox 1307 2028 1357 2098; x_wconf 76' lang='lat'>⁵4⁵</span> <span class='ocrx_word' id='word_1_87' title='bbox 1414 2060 1417 2065; x_wconf 89' lang='lat'>-</span> 
     </span>
    </p>
   </div>
   <div class='ocr_carea' id='block_1_9' title="bbox 275 2118 1185 2453">
    <p class='ocr_par' dir='ltr' id='par_1_10' title="bbox 275 2118 1185 2453">
     <span class='ocr_line' id='line_1_18' title="bbox 325 2118 1098 2222; baseline -0.006 -26"><span class='ocrx_word' id='word_1_88' title='bbox 325 2123 517 2222; x_wconf 80' lang='lat' dir='ltr'>Pomaque,</span> <span class='ocrx_word' id='word_1_89' title='bbox 536 2137 569 2194; x_wconf 89' lang='lat' dir='ltr'>et</span> <span class='ocrx_word' id='word_1_90' title='bbox 585 2120 621 2192; x_wconf 93' lang='lat' dir='ltr'>in</span> <span class='ocrx_word' id='word_1_91' title='bbox 639 2119 762 2193; x_wconf 90' lang='lat' dir='ltr'>teneris</span> <span class='ocrx_word' id='word_1_92' title='bbox 780 2147 878 2193; x_wconf 86' lang='lat' dir='ltr'>aurea</span> <span class='ocrx_word' id='word_1_93' title='bbox 892 2118 990 2193; x_wconf 89' lang='lat' dir='ltr'>mella</span> <span class='ocrx_word' id='word_1_94' title='bbox 1004 2118 1098 2193; x_wconf 86' lang='lat' dir='ltr'>lavis.</span> 
     </span>
     <span class='ocr_line' id='line_1_19' title="bbox 275 2235 1185 2337; baseline -0.002 -24"><span class='ocrx_word' id='word_1_95' title='bbox 275 2238 436 2315; x_wconf 77' lang='lat' dir='ltr'>Abstinet</span> <span class='ocrx_word' id='word_1_96' title='bbox 453 2236 539 2310; x_wconf 88' lang='lat' dir='ltr'>alma</span> <span class='ocrx_word' id='word_1_97' title='bbox 558 2236 678 2323; x_wconf 85' lang='lat' dir='ltr'>Ceres,</span> <span class='ocrx_word' id='word_1_98' title='bbox 697 2235 873 2335; x_wconf 90' lang='lat' dir='ltr'>somnique</span> <span class='ocrx_word' id='word_1_99' title='bbox 889 2264 1053 2337; x_wconf 88' lang='lat' dir='ltr'>papavera</span> <span class='ocrx_word' id='word_1_100' title='bbox 1069 2264 1185 2311; x_wconf 81' lang='lat' dir='ltr'>causas</span> 
     </span>
     <span class='ocr_line' id='line_1_20' title="bbox 322 2349 1083 2453; baseline -0.004 -26"><span class='ocrx_word' id='word_1_101' title='bbox 322 2356 392 2427; x_wconf 87' lang='lat' dir='ltr'>Dat</span> <span class='ocrx_word' id='word_1_102' title='bbox 408 2354 472 2427; x_wconf 91' lang='lat' dir='ltr'>tibi</span> <span class='ocrx_word' id='word_1_103' title='bbox 486 2380 561 2427; x_wconf 85' lang='lat' dir='ltr'>com</span> <span class='ocrx_word' id='word_1_104' title='bbox 574 2349 689 2453; x_wconf 92' lang='lat' dir='ltr'>tepido</span> <span class='ocrx_word' id='word_1_105' title='bbox 706 2350 791 2425; x_wconf 84' lang='lat' dir='ltr'>lacte</span> <span class='ocrx_word' id='word_1_106' title='bbox 807 2350 972 2439; x_wconf 86' lang='lat' dir='ltr'>bibenda,</span> <span class='ocrx_word' id='word_1_107' title='bbox 989 2380 1083 2453; x_wconf 90' lang='lat' dir='ltr'>puer.</span> 
     </span>
    </p>
   </div>
   <div class='ocr_carea' id='block_1_10' title="bbox 219 2522 789 4313">
    <p class='ocr_par' dir='ltr' id='par_1_11' title="bbox 219 2522 788 3296">
     <span class='ocr_line' id='line_1_21' title="bbox 268 2522 786 2597; baseline -0.01 -17"><span class='ocrx_word' id='word_1_108' title='bbox 268 2528 474 2597; x_wconf 75' lang='lat' dir='ltr'>Jejunaoiatqae</span> <span class='ocrx_word' id='word_1_109' title='bbox 482 2527 697 2595; x_wconf 77' lang='lat' dir='ltr'>ebibr&#39;csceoaenr.</span> <span class='ocrx_word' id='word_1_110' title='bbox 706 2522 786 2592; x_wconf 80' lang='lat' dir='ltr'>Apud</span> 
     </span>
     <span class='ocr_line' id='line_1_22' title="bbox 269 2601 787 2672; baseline -0.017 -11"><span class='ocrx_word' id='word_1_111' title='bbox 269 2606 395 2661; x_wconf 84' lang='lat' dir='ltr'>Servium</span> <span class='ocrx_word' id='word_1_112' title='bbox 401 2602 435 2657; x_wconf 85' lang='lat' dir='ltr'>ad</span> <span class='ocrx_word' id='word_1_113' title='bbox 441 2602 540 2672; x_wconf 73' lang='lat' dir='ltr'>Georg.</span> <span class='ocrx_word' id='word_1_114' title='bbox 549 2601 577 2668; x_wconf 84' lang='lat' dir='ltr'>I,</span> <span class='ocrx_word' id='word_1_115' title='bbox 592 2622 640 2655; x_wconf 83' lang='lat' dir='ltr'>ara</span> <span class='ocrx_word' id='word_1_116' title='bbox 649 2641 657 2667; x_wconf 85' lang='lat'><em>,</em></span> <span class='ocrx_word' id='word_1_117' title='bbox 665 2621 787 2670; x_wconf 74' lang='lat' dir='ltr'>papave-</span> 
     </span>
     <span class='ocr_line' id='line_1_23' title="bbox 268 2679 787 2739; baseline -0.013 -1"><span class='ocrx_word' id='word_1_118' title='bbox 268 2706 300 2739; x_wconf 84' lang='lat' dir='ltr'>ra</span> <span class='ocrx_word' id='word_1_119' title='bbox 315 2684 396 2737; x_wconf 80' lang='lat' dir='ltr'>sunsit</span> <span class='ocrx_word' id='word_1_120' title='bbox 412 2680 446 2734; x_wconf 89' lang='lat' dir='ltr'>ad</span> <span class='ocrx_word' id='word_1_121' title='bbox 464 2680 624 2733; x_wconf 81' lang='lat' dir='ltr'>oblivionem</span> <span class='ocrx_word' id='word_1_122' title='bbox 637 2679 743 2732; x_wconf 84' lang='lat' dir='ltr'>doloris.</span> <span class='ocrx_word' id='word_1_123' title='bbox 753 2705 787 2719; x_wconf 87' lang='lat'>-</span> 
     </span>
     <span class='ocr_line' id='line_1_24' title="bbox 219 2758 786 2833; baseline -0.009 -17"><span class='ocrx_word' id='word_1_124' title='bbox 219 2795 222 2802; x_wconf 90' lang='lat'>·</span> <span class='ocrx_word' id='word_1_125' title='bbox 268 2758 786 2833; x_wconf 56' lang='lat' dir='ltr'>Mssa,initiatimysteriisminoribus,</span> 
     </span>
     <span class='ocr_line' id='line_1_25' title="bbox 270 2833 784 2909; baseline -0.018 -16"><span class='ocrx_word' id='word_1_126' title='bbox 270 2839 368 2909; x_wconf 75' lang='lat' dir='ltr'>quasin</span> <span class='ocrx_word' id='word_1_127' title='bbox 382 2838 511 2891; x_wconf 86' lang='lat' dir='ltr'>honorem</span> <span class='ocrx_word' id='word_1_128' title='bbox 531 2834 697 2907; x_wconf 67' lang='lat' dir='ltr'>Proseppinoe</span> <span class='ocrx_word' id='word_1_129' title='bbox 713 2833 784 2887; x_wconf 88' lang='lat' dir='ltr'>cele-</span> 
     </span>
     <span class='ocr_line' id='line_1_26' title="bbox 268 2911 784 2979; baseline -0.017 -8"><span class='ocrx_word' id='word_1_130' title='bbox 268 2918 422 2971; x_wconf 86' lang='lat' dir='ltr'>brabantur.</span> <span class='ocrx_word' id='word_1_131' title='bbox 443 2914 486 2967; x_wconf 77' lang='lat' dir='ltr'>Ab</span> <span class='ocrx_word' id='word_1_132' title='bbox 500 2914 531 2966; x_wconf 85' lang='lat' dir='ltr'>iis</span> <span class='ocrx_word' id='word_1_133' title='bbox 551 2911 646 2965; x_wconf 84' lang='lat' dir='ltr'>diversi</span> <span class='ocrx_word' id='word_1_134' title='bbox 662 2914 784 2979; x_wconf 61' lang='lat' dir='ltr'>Epona,</span> 
     </span>
     <span class='ocr_line' id='line_1_27' title="bbox 269 2989 787 3069; baseline -0.021 -16"><span class='ocrx_word' id='word_1_135' title='bbox 269 2998 364 3053; x_wconf 87' lang='lat' dir='ltr'>initiati</span> <span class='ocrx_word' id='word_1_136' title='bbox 373 2989 689 3069; x_wconf 81' lang='lat' dir='ltr'>mysteriismajoribusin</span> <span class='ocrx_word' id='word_1_137' title='bbox 698 2992 787 3043; x_wconf 89' lang='lat' dir='ltr'>hono-</span> 
     </span>
     <span class='ocr_line' id='line_1_28' title="bbox 269 3068 787 3134; baseline -0.021 -3"><span class='ocrx_word' id='word_1_138' title='bbox 269 3097 328 3132; x_wconf 87' lang='lat' dir='ltr'>rem</span> <span class='ocrx_word' id='word_1_139' title='bbox 336 3072 515 3134; x_wconf 85' lang='lat' dir='ltr'>Cereris;vid.</span> <span class='ocrx_word' id='word_1_140' title='bbox 524 3068 787 3125; x_wconf 86' lang='lat' dir='ltr'>MeursiusdeEleu-</span> 
     </span>
     <span class='ocr_line' id='line_1_29' title="bbox 273 3145 788 3220; baseline -0.016 -11"><span class='ocrx_word' id='word_1_141' title='bbox 273 3156 362 3220; x_wconf 66' lang='lat' dir='ltr'>sinim,</span> <span class='ocrx_word' id='word_1_142' title='bbox 377 3154 440 3206; x_wconf 89' lang='lat' dir='ltr'>item</span> <span class='ocrx_word' id='word_1_143' title='bbox 453 3150 539 3205; x_wconf 80' lang='lat' dir='ltr'>Fisch.</span> <span class='ocrx_word' id='word_1_144' title='bbox 556 3150 584 3203; x_wconf 91' lang='lat' dir='ltr'>in</span> <span class='ocrx_word' id='word_1_145' title='bbox 598 3148 684 3201; x_wconf 78' lang='lat' dir='ltr'>indice</span> <span class='ocrx_word' id='word_1_146' title='bbox 699 3145 788 3201; x_wconf 82' lang='lat' dir='ltr'>AEsch.</span> 
     </span>
     <span class='ocr_line' id='line_1_30' title="bbox 274 3222 539 3296; baseline -0.038 -10"><span class='ocrx_word' id='word_1_147' title='bbox 274 3232 409 3287; x_wconf 74' lang='lat' dir='ltr'>advocent</span> <span class='ocrx_word' id='word_1_148' title='bbox 422 3222 539 3296; x_wconf 58' lang='lat' dir='ltr'>poetatur.</span> 
     </span>
    </p>

    <p class='ocr_par' dir='ltr' id='par_1_12' title="bbox 267 3300 789 4158">
     <span class='ocr_line' id='line_1_31' title="bbox 305 3300 789 3381; baseline -0.023 -18"><span class='ocrx_word' id='word_1_149' title='bbox 305 3311 362 3381; x_wconf 72' lang='lat'>539.</span> <span class='ocrx_word' id='word_1_150' title='bbox 371 3306 477 3361; x_wconf 86' lang='lat' dir='ltr'>Nomen</span> <span class='ocrx_word' id='word_1_151' title='bbox 488 3306 617 3357; x_wconf 77' lang='lat' dir='ltr'>Metanr&#39;ra</span> <span class='ocrx_word' id='word_1_152' title='bbox 624 3300 722 3355; x_wconf 88' lang='lat' dir='ltr'>librarii</span> <span class='ocrx_word' id='word_1_153' title='bbox 727 3320 789 3355; x_wconf 52' lang='lat' dir='ltr'>coah</span> 
     </span>
     <span class='ocr_line' id='line_1_32' title="bbox 270 3381 788 3457; baseline -0.021 -15"><span class='ocrx_word' id='word_1_154' title='bbox 270 3396 398 3457; x_wconf 78' lang='lat' dir='ltr'>ruperant</span> <span class='ocrx_word' id='word_1_155' title='bbox 405 3387 433 3436; x_wconf 90' lang='lat' dir='ltr'>in</span> <span class='ocrx_word' id='word_1_156' title='bbox 442 3384 568 3436; x_wconf 68' lang='lat' dir='ltr'>Melaina</span> <span class='ocrx_word' id='word_1_157' title='bbox 576 3424 582 3443; x_wconf 84' lang='lat'>‚</span> <span class='ocrx_word' id='word_1_158' title='bbox 591 3384 719 3443; x_wconf 64' lang='lat' dir='ltr'>Manlia,</span> <span class='ocrx_word' id='word_1_159' title='bbox 731 3381 788 3431; x_wconf 76' lang='lat' dir='ltr'>tle-</span> 
     </span>
     <span class='ocr_line' id='line_1_33' title="bbox 269 3458 787 3527; baseline -0.017 -8"><span class='ocrx_word' id='word_1_160' title='bbox 269 3470 354 3524; x_wconf 83' lang='lat' dir='ltr'>lanr&#39;a,</span> <span class='ocrx_word' id='word_1_161' title='bbox 363 3466 497 3525; x_wconf 63' lang='grc' dir='ltr'>Μιιίιεηιιι,Ι</span> <span class='ocrx_word' id='word_1_162' title='bbox 507 3458 554 3513; x_wconf 89' lang='lat' dir='ltr'>sed</span> <span class='ocrx_word' id='word_1_163' title='bbox 562 3458 687 3511; x_wconf 80' lang='lat' dir='ltr'>Heinsius</span> <span class='ocrx_word' id='word_1_164' title='bbox 696 3478 710 3510; x_wconf 90' lang='lat' dir='ltr'>e</span> <span class='ocrx_word' id='word_1_165' title='bbox 720 3476 787 3527; x_wconf 70' lang='lat' dir='ltr'>gra-</span> 
     </span>
     <span class='ocr_line' id='line_1_34' title="bbox 268 3532 788 3611; baseline -0.027 -12"><span class='ocrx_word' id='word_1_166' title='bbox 268 3546 305 3599; x_wconf 87' lang='lat' dir='ltr'>cis</span> <span class='ocrx_word' id='word_1_167' title='bbox 317 3541 487 3611; x_wconf 83' lang='lat' dir='ltr'>scriptoribus</span> <span class='ocrx_word' id='word_1_168' title='bbox 494 3556 589 3591; x_wconf 82' lang='lat' dir='ltr'>verum</span> <span class='ocrx_word' id='word_1_169' title='bbox 602 3555 701 3590; x_wconf 86' lang='lat' dir='ltr'>nomen</span> <span class='ocrx_word' id='word_1_170' title='bbox 709 3532 788 3589; x_wconf 87' lang='lat' dir='ltr'>resti-</span> 
     </span>
     <span class='ocr_line' id='line_1_35' title="bbox 271 3613 784 3688; baseline -0.023 -11"><span class='ocrx_word' id='word_1_171' title='bbox 271 3624 330 3677; x_wconf 87' lang='lat' dir='ltr'>tuit.</span> <span class='ocrx_word' id='word_1_172' title='bbox 340 3620 375 3673; x_wconf 89' lang='lat' dir='ltr'>Iis</span> <span class='ocrx_word' id='word_1_173' title='bbox 383 3615 481 3672; x_wconf 89' lang='lat' dir='ltr'>aceedit</span> <span class='ocrx_word' id='word_1_174' title='bbox 489 3613 724 3688; x_wconf 73' lang='lat' dir='ltr'>hymmIIomerie„</span> <span class='ocrx_word' id='word_1_175' title='bbox 739 3613 784 3665; x_wconf 77' lang='lat'>161</span> 
     </span>
     <span class='ocr_line' id='line_1_36' title="bbox 269 3694 786 3766; baseline -0.025 -9"><span class='ocrx_word' id='word_1_176' title='bbox 269 3700 417 3757; x_wconf 68' lang='lat' dir='ltr'>auctoritas</span> <span class='ocrx_word' id='word_1_177' title='bbox 427 3696 507 3766; x_wconf 83' lang='lat' dir='ltr'>Apud</span> <span class='ocrx_word' id='word_1_178' title='bbox 517 3694 675 3751; x_wconf 76' lang='lat' dir='ltr'>Pausaniam</span> <span class='ocrx_word' id='word_1_179' title='bbox 688 3710 786 3747; x_wconf 83' lang='lat' dir='ltr'>corru-</span> 
     </span>
     <span class='ocr_line' id='line_1_37' title="bbox 268 3774 786 3851; baseline -0.015 -16"><span class='ocrx_word' id='word_1_180' title='bbox 268 3794 314 3851; x_wconf 83' lang='lat' dir='ltr'>pte</span> <span class='ocrx_word' id='word_1_181' title='bbox 334 3784 492 3848; x_wconf 64' lang='lat' dir='ltr'>Megareia:</span> <span class='ocrx_word' id='word_1_182' title='bbox 513 3786 637 3845; x_wconf 85' lang='lat' dir='ltr'>corrupte</span> <span class='ocrx_word' id='word_1_183' title='bbox 657 3776 737 3829; x_wconf 82' lang='lat' dir='ltr'>etiarn</span> <span class='ocrx_word' id='word_1_184' title='bbox 756 3774 786 3827; x_wconf 90' lang='lat' dir='ltr'>in</span> 
     </span>
     <span class='ocr_line' id='line_1_38' title="bbox 268 3852 784 3919; baseline -0.017 -7"><span class='ocrx_word' id='word_1_185' title='bbox 268 3859 405 3913; x_wconf 86' lang='lat' dir='ltr'>Marmore</span> <span class='ocrx_word' id='word_1_186' title='bbox 424 3852 550 3908; x_wconf 84' lang='lat' dir='ltr'>Arondel.</span> <span class='ocrx_word' id='word_1_187' title='bbox 566 3855 600 3919; x_wconf 84' lang='lat' dir='ltr'>I,</span> <span class='ocrx_word' id='word_1_188' title='bbox 621 3855 670 3918; x_wconf 82' lang='lat'>23,</span> <span class='ocrx_word' id='word_1_189' title='bbox 686 3856 784 3905; x_wconf 78' lang='lat' dir='ltr'>Neara.</span> 
     </span>
     <span class='ocr_line' id='line_1_39' title="bbox 268 3928 785 3988; baseline -0.017 1"><span class='ocrx_word' id='word_1_190' title='bbox 268 3936 329 3988; x_wconf 83' lang='lat' dir='ltr'>Alia</span> <span class='ocrx_word' id='word_1_191' title='bbox 342 3935 453 3988; x_wconf 87' lang='lat' dir='ltr'>nomina</span> <span class='ocrx_word' id='word_1_192' title='bbox 465 3930 582 3985; x_wconf 85' lang='lat' dir='ltr'>mulieris</span> <span class='ocrx_word' id='word_1_193' title='bbox 598 3929 678 3983; x_wconf 89' lang='lat' dir='ltr'>habet</span> <span class='ocrx_word' id='word_1_194' title='bbox 692 3928 785 3982; x_wconf 87' lang='lat' dir='ltr'>Mun-</span> 
     </span>
     <span class='ocr_line' id='line_1_40' title="bbox 267 4008 786 4081; baseline -0.017 -14"><span class='ocrx_word' id='word_1_195' title='bbox 267 4013 347 4067; x_wconf 78' lang='lat' dir='ltr'>Ierus</span> <span class='ocrx_word' id='word_1_196' title='bbox 365 4012 398 4065; x_wconf 91' lang='lat' dir='ltr'>ad</span> <span class='ocrx_word' id='word_1_197' title='bbox 422 4011 523 4081; x_wconf 79' lang='lat' dir='ltr'>Hygini</span> <span class='ocrx_word' id='word_1_198' title='bbox 543 4008 658 4062; x_wconf 79' lang='lat' dir='ltr'>salsulam</span> <span class='ocrx_word' id='word_1_199' title='bbox 681 4011 733 4076; x_wconf 75' lang='lat'>¹47·</span> <span class='ocrx_word' id='word_1_200' title='bbox 751 4035 786 4049; x_wconf 91' lang='lat'><em>-</em></span> 
     </span>
     <span class='ocr_line' id='line_1_41' title="bbox 267 4086 761 4158; baseline -0.012 -13"><span class='ocrx_word' id='word_1_201' title='bbox 267 4094 390 4158; x_wconf 68' lang='lat' dir='ltr'>Iungere,</span> <span class='ocrx_word' id='word_1_202' title='bbox 408 4088 451 4141; x_wconf 86' lang='lat' dir='ltr'>alii</span> <span class='ocrx_word' id='word_1_203' title='bbox 461 4098 579 4155; x_wconf 59' lang='lat' dir='ltr'>lauaem</span> <span class='ocrx_word' id='word_1_204' title='bbox 597 4106 671 4155; x_wconf 81' lang='lat' dir='ltr'>teque</span> <span class='ocrx_word' id='word_1_205' title='bbox 683 4086 761 4139; x_wconf 84' lang='lat' dir='ltr'>bene.</span> 
     </span>
    </p>

    <p class='ocr_par' dir='ltr' id='par_1_13' title="bbox 267 4162 785 4313">
     <span class='ocr_line' id='line_1_42' title="bbox 301 4162 785 4234; baseline -0.012 -13"><span class='ocrx_word' id='word_1_206' title='bbox 301 4169 357 4234; x_wconf 69' lang='lat'>541.</span> <span class='ocrx_word' id='word_1_207' title='bbox 367 4168 506 4233; x_wconf 78' lang='lat' dir='ltr'>Soditaeque</span> <span class='ocrx_word' id='word_1_208' title='bbox 517 4170 607 4232; x_wconf 45' lang='lat' dir='ltr'>nerent.</span> <span class='ocrx_word' id='word_1_209' title='bbox 619 4164 697 4217; x_wconf 84' lang='lat' dir='ltr'>Ilanc</span> <span class='ocrx_word' id='word_1_210' title='bbox 706 4162 785 4216; x_wconf 85' lang='lat' dir='ltr'>Vati·</span> 
     </span>
     <span class='ocr_line' id='line_1_43' title="bbox 267 4244 783 4313; baseline -0.014 -11"><span class='ocrx_word' id='word_1_211' title='bbox 267 4247 325 4302; x_wconf 85' lang='lat' dir='ltr'>cani</span> <span class='ocrx_word' id='word_1_212' title='bbox 334 4244 431 4301; x_wconf 88' lang='lat' dir='ltr'>codicis</span> <span class='ocrx_word' id='word_1_213' title='bbox 439 4245 635 4313; x_wconf 82' lang='lat' dir='ltr'>lectionem‚ut</span> <span class='ocrx_word' id='word_1_214' title='bbox 643 4244 783 4313; x_wconf 75' lang='lat' dir='ltr'>elegantio-</span> 
     </span>
    </p>
   </div>
   <div class='ocr_carea' id='block_1_11' title="bbox 833 2520 1357 4320">
    <p class='ocr_par' dir='ltr' id='par_1_14' title="bbox 835 2520 1357 3671">
     <span class='ocr_line' id='line_1_44' title="bbox 835 2520 1353 2591; baseline 0.002 -15"><span class='ocrx_word' id='word_1_215' title='bbox 835 2542 912 2587; x_wconf 85' lang='lat' dir='ltr'>rem,</span> <span class='ocrx_word' id='word_1_216' title='bbox 928 2522 1028 2591; x_wconf 85' lang='lat' dir='ltr'>recepit</span> <span class='ocrx_word' id='word_1_217' title='bbox 1045 2520 1228 2577; x_wconf 84' lang='lat' dir='ltr'>Burmannus.</span> <span class='ocrx_word' id='word_1_218' title='bbox 1241 2520 1353 2590; x_wconf 80' lang='lat' dir='ltr'>Caeteri,</span> 
     </span>
     <span class='ocr_line' id='line_1_45' title="bbox 835 2602 1357 2671; baseline 0.004 -16"><span class='ocrx_word' id='word_1_219' title='bbox 835 2606 982 2671; x_wconf 70' lang='lat' dir='ltr'>sobriasque</span> <span class='ocrx_word' id='word_1_220' title='bbox 996 2605 1090 2655; x_wconf 78' lang='lat' dir='ltr'>vident.</span> <span class='ocrx_word' id='word_1_221' title='bbox 1100 2628 1135 2643; x_wconf 87' lang='lat'>·-</span> <span class='ocrx_word' id='word_1_222' title='bbox 1147 2602 1236 2655; x_wconf 85' lang='lat' dir='ltr'>Verba</span> <span class='ocrx_word' id='word_1_223' title='bbox 1248 2607 1296 2657; x_wconf 76' lang='lat' dir='ltr'>hoc</span> <span class='ocrx_word' id='word_1_224' title='bbox 1314 2614 1357 2657; x_wconf 77' lang='lat' dir='ltr'>est</span> 
     </span>
     <span class='ocr_line' id='line_1_46' title="bbox 837 2678 1353 2735; baseline 0.008 -4"><span class='ocrx_word' id='word_1_225' title='bbox 837 2678 964 2731; x_wconf 86' lang='lat' dir='ltr'>Heinsius</span> <span class='ocrx_word' id='word_1_226' title='bbox 976 2678 1004 2731; x_wconf 86' lang='lat' dir='ltr'>in</span> <span class='ocrx_word' id='word_1_227' title='bbox 1016 2681 1153 2731; x_wconf 76' lang='lat' dir='ltr'>domares!</span> <span class='ocrx_word' id='word_1_228' title='bbox 1164 2682 1262 2733; x_wconf 86' lang='lat' dir='ltr'>mutari</span> <span class='ocrx_word' id='word_1_229' title='bbox 1274 2682 1353 2735; x_wconf 84' lang='lat' dir='ltr'>vole-</span> 
     </span>
     <span class='ocr_line' id='line_1_47' title="bbox 835 2752 1355 2810; baseline 0.004 -2"><span class='ocrx_word' id='word_1_230' title='bbox 835 2754 888 2808; x_wconf 83' lang='lat' dir='ltr'>bat.</span> <span class='ocrx_word' id='word_1_231' title='bbox 897 2754 940 2808; x_wconf 83' lang='lat' dir='ltr'>Ita</span> <span class='ocrx_word' id='word_1_232' title='bbox 955 2774 1004 2807; x_wconf 79' lang='lat' dir='ltr'>vos</span> <span class='ocrx_word' id='word_1_233' title='bbox 1014 2758 1103 2809; x_wconf 80' lang='lat' dir='ltr'>domus</span> <span class='ocrx_word' id='word_1_234' title='bbox 1115 2754 1144 2807; x_wconf 89' lang='lat' dir='ltr'>in</span> <span class='ocrx_word' id='word_1_235' title='bbox 1156 2752 1273 2809; x_wconf 84' lang='lat' dir='ltr'>duorum</span> <span class='ocrx_word' id='word_1_236' title='bbox 1287 2777 1355 2810; x_wconf 81' lang='lat' dir='ltr'>ver-</span> 
     </span>
     <span class='ocr_line' id='line_1_48' title="bbox 835 2832 1356 2903; baseline 0.01 -19"><span class='ocrx_word' id='word_1_237' title='bbox 835 2850 916 2884; x_wconf 82' lang='lat' dir='ltr'>suurn</span> <span class='ocrx_word' id='word_1_238' title='bbox 923 2832 1024 2885; x_wconf 88' lang='lat' dir='ltr'>ambitu</span> <span class='ocrx_word' id='word_1_239' title='bbox 1033 2841 1074 2885; x_wconf 88' lang='lat' dir='ltr'>ter</span> <span class='ocrx_word' id='word_1_240' title='bbox 1080 2832 1228 2901; x_wconf 75' lang='lat' dir='ltr'>legeretur,</span> <span class='ocrx_word' id='word_1_241' title='bbox 1237 2834 1308 2903; x_wconf 89' lang='lat' dir='ltr'>quod</span> <span class='ocrx_word' id='word_1_242' title='bbox 1316 2846 1356 2889; x_wconf 85' lang='lat' dir='ltr'>est</span> 
     </span>
     <span class='ocr_line' id='line_1_49' title="bbox 835 2906 1353 2966; baseline 0.012 -6"><span class='ocrx_word' id='word_1_243' title='bbox 835 2906 993 2963; x_wconf 89' lang='lat' dir='ltr'>nimium.-</span> <span class='ocrx_word' id='word_1_244' title='bbox 998 2911 1059 2962; x_wconf 80' lang='lat' dir='ltr'>Tres</span> <span class='ocrx_word' id='word_1_245' title='bbox 1067 2913 1165 2965; x_wconf 76' lang='lat' dir='ltr'>r&#39;llr&#39;etc.</span> <span class='ocrx_word' id='word_1_246' title='bbox 1176 2922 1207 2964; x_wconf 86' lang='lat' dir='ltr'>ut</span> <span class='ocrx_word' id='word_1_247' title='bbox 1215 2910 1285 2966; x_wconf 91' lang='lat' dir='ltr'>VIII</span> <span class='ocrx_word' id='word_1_248' title='bbox 1295 2912 1353 2966; x_wconf 87' lang='lat' dir='ltr'>Me·</span> 
     </span>
     <span class='ocr_line' id='line_1_50' title="bbox 836 2989 1354 3044; baseline 0.004 -2"><span class='ocrx_word' id='word_1_249' title='bbox 836 2996 899 3042; x_wconf 68' lang='lat' dir='ltr'>tami</span> <span class='ocrx_word' id='word_1_250' title='bbox 911 2989 962 3042; x_wconf 72' lang='lat'>536</span> <span class='ocrx_word' id='word_1_251' title='bbox 978 3009 985 3043; x_wconf 90' lang='lat'>:</span> <span class='ocrx_word' id='word_1_252' title='bbox 1003 2991 1071 3043; x_wconf 82' lang='lat' dir='ltr'>Tota</span> <span class='ocrx_word' id='word_1_253' title='bbox 1081 2993 1170 3043; x_wconf 77' lang='lat' dir='ltr'>domus</span> <span class='ocrx_word' id='word_1_254' title='bbox 1180 2994 1231 3044; x_wconf 80' lang='lat' dir='ltr'>duo</span> <span class='ocrx_word' id='word_1_255' title='bbox 1241 2998 1309 3044; x_wconf 77' lang='lat' dir='ltr'>sual.</span> <span class='ocrx_word' id='word_1_256' title='bbox 1320 3018 1354 3033; x_wconf 73' lang='lat'>«-</span> 
     </span>
     <span class='ocr_line' id='line_1_51' title="bbox 837 3066 1352 3133; baseline 0.01 -14"><span class='ocrx_word' id='word_1_257' title='bbox 837 3066 880 3119; x_wconf 89' lang='lat' dir='ltr'>De</span> <span class='ocrx_word' id='word_1_258' title='bbox 892 3069 1008 3133; x_wconf 63' lang='lat' dir='ltr'>coaffulis</span> <span class='ocrx_word' id='word_1_259' title='bbox 1022 3068 1129 3120; x_wconf 83' lang='lat' dir='ltr'>consule</span> <span class='ocrx_word' id='word_1_260' title='bbox 1141 3078 1234 3120; x_wconf 88' lang='lat' dir='ltr'>notam</span> <span class='ocrx_word' id='word_1_261' title='bbox 1242 3067 1275 3121; x_wconf 92' lang='lat' dir='ltr'>ad</span> <span class='ocrx_word' id='word_1_262' title='bbox 1285 3068 1352 3124; x_wconf 88' lang='lat' dir='ltr'>Met.</span> 
     </span>
     <span class='ocr_line' id='line_1_52' title="bbox 840 3146 1353 3213; baseline 0.01 -14"><span class='ocrx_word' id='word_1_263' title='bbox 840 3146 926 3213; x_wconf 82' lang='lat' dir='ltr'>XIII,</span> <span class='ocrx_word' id='word_1_264' title='bbox 939 3147 996 3199; x_wconf 83' lang='lat'>830.</span> <span class='ocrx_word' id='word_1_265' title='bbox 1010 3146 1050 3199; x_wconf 85' lang='lat' dir='ltr'>Ea</span> <span class='ocrx_word' id='word_1_266' title='bbox 1061 3146 1191 3201; x_wconf 86' lang='lat' dir='ltr'>sumenda</span> <span class='ocrx_word' id='word_1_267' title='bbox 1202 3147 1267 3201; x_wconf 89' lang='lat' dir='ltr'>dilui</span> <span class='ocrx_word' id='word_1_268' title='bbox 1278 3149 1353 3203; x_wconf 86' lang='lat' dir='ltr'>sole-</span> 
     </span>
     <span class='ocr_line' id='line_1_53' title="bbox 838 3224 1353 3297; baseline 0.01 -20"><span class='ocrx_word' id='word_1_269' title='bbox 838 3224 903 3278; x_wconf 85' lang='lat' dir='ltr'>bant</span> <span class='ocrx_word' id='word_1_270' title='bbox 914 3224 988 3279; x_wconf 87' lang='lat' dir='ltr'>lacte.</span> <span class='ocrx_word' id='word_1_271' title='bbox 999 3252 1033 3265; x_wconf 91' lang='lat'>-</span> <span class='ocrx_word' id='word_1_272' title='bbox 1051 3227 1168 3290; x_wconf 61' lang='lat' dir='ltr'>Tenent,</span> <span class='ocrx_word' id='word_1_273' title='bbox 1184 3226 1262 3297; x_wconf 80' lang='lat' dir='ltr'>vulgo</span> <span class='ocrx_word' id='word_1_274' title='bbox 1280 3234 1353 3282; x_wconf 72' lang='lat' dir='ltr'>cerri.</span> 
     </span>
     <span class='ocr_line' id='line_1_54' title="bbox 840 3300 1353 3373; baseline 0.008 -16"><span class='ocrx_word' id='word_1_275' title='bbox 840 3300 967 3357; x_wconf 86' lang='lat' dir='ltr'>Heinsius</span> <span class='ocrx_word' id='word_1_276' title='bbox 974 3304 1184 3373; x_wconf 61' lang='lat' dir='ltr'>conjicitcereiu</span> <span class='ocrx_word' id='word_1_277' title='bbox 1195 3307 1240 3361; x_wconf 84' lang='lat' dir='ltr'>sed</span> <span class='ocrx_word' id='word_1_278' title='bbox 1253 3307 1353 3371; x_wconf 73' lang='lat' dir='ltr'>hoclo-</span> 
     </span>
     <span class='ocr_line' id='line_1_55' title="bbox 838 3382 1351 3453; baseline 0.016 -18"><span class='ocrx_word' id='word_1_279' title='bbox 838 3382 947 3435; x_wconf 86' lang='lat' dir='ltr'>retsatis</span> <span class='ocrx_word' id='word_1_280' title='bbox 955 3382 1069 3437; x_wconf 83' lang='lat' dir='ltr'>otiosum</span> <span class='ocrx_word' id='word_1_281' title='bbox 1076 3384 1212 3453; x_wconf 87' lang='lat' dir='ltr'>epitheton</span> <span class='ocrx_word' id='word_1_282' title='bbox 1222 3384 1351 3451; x_wconf 80' lang='lat' dir='ltr'>favorum.</span> 
     </span>
     <span class='ocr_line' id='line_1_56' title="bbox 838 3458 1350 3535; baseline 0.023 -26"><span class='ocrx_word' id='word_1_283' title='bbox 838 3486 871 3497; x_wconf 88' lang='lat'><em>—</em></span> <span class='ocrx_word' id='word_1_284' title='bbox 884 3458 960 3527; x_wconf 80' lang='lat' dir='ltr'>Regii</span> <span class='ocrx_word' id='word_1_285' title='bbox 972 3460 1057 3513; x_wconf 89' lang='lat' dir='ltr'>nostri</span> <span class='ocrx_word' id='word_1_286' title='bbox 1068 3459 1167 3516; x_wconf 88' lang='lat' dir='ltr'>habent</span> <span class='ocrx_word' id='word_1_287' title='bbox 1184 3462 1242 3517; x_wconf 86' lang='lat' dir='ltr'>lect.</span> <span class='ocrx_word' id='word_1_288' title='bbox 1255 3464 1350 3535; x_wconf 73' lang='lat' dir='ltr'>vulgat.</span> 
     </span>
     <span class='ocr_line' id='line_1_57' title="bbox 835 3540 1350 3611; baseline 0.019 -23"><span class='ocrx_word' id='word_1_289' title='bbox 835 3541 898 3593; x_wconf 75' lang='lat' dir='ltr'>etsie</span> <span class='ocrx_word' id='word_1_290' title='bbox 904 3540 969 3589; x_wconf 82' lang='lat' dir='ltr'>cen&#39;s</span> <span class='ocrx_word' id='word_1_291' title='bbox 975 3557 1052 3591; x_wconf 83' lang='lat' dir='ltr'>aurea</span> <span class='ocrx_word' id='word_1_292' title='bbox 1061 3543 1207 3607; x_wconf 76' lang='lat' dir='ltr'>mellasus&#39;s,</span> <span class='ocrx_word' id='word_1_293' title='bbox 1216 3561 1275 3611; x_wconf 68' lang='lat' dir='ltr'>quc</span> <span class='ocrx_word' id='word_1_294' title='bbox 1280 3544 1350 3597; x_wconf 85' lang='lat' dir='ltr'>bene</span> 
     </span>
     <span class='ocr_line' id='line_1_58' title="bbox 836 3616 1027 3671; baseline 0.005 -1"><span class='ocrx_word' id='word_1_295' title='bbox 836 3636 863 3670; x_wconf 85' lang='lat' dir='ltr'>so</span> <span class='ocrx_word' id='word_1_296' title='bbox 877 3616 964 3671; x_wconf 86' lang='lat' dir='ltr'>habet.</span> <span class='ocrx_word' id='word_1_297' title='bbox 976 3618 1027 3671; x_wconf 85' lang='lat' dir='ltr'>Ed.</span> 
     </span>
    </p>

    <p class='ocr_par' dir='ltr' id='par_1_15' title="bbox 833 3694 1349 4320">
     <span class='ocr_line' id='line_1_59' title="bbox 870 3694 1349 3769; baseline 0.015 -21"><span class='ocrx_word' id='word_1_298' title='bbox 870 3698 926 3763; x_wconf 74' lang='lat'><strong><em>547.</em></strong></span> <span class='ocrx_word' id='word_1_299' title='bbox 942 3694 1026 3751; x_wconf 86' lang='lat' dir='ltr'>Ceres</span> <span class='ocrx_word' id='word_1_300' title='bbox 1040 3718 1175 3768; x_wconf 81' lang='lat' dir='ltr'>puerum,</span> <span class='ocrx_word' id='word_1_301' title='bbox 1193 3718 1277 3769; x_wconf 87' lang='lat' dir='ltr'>quum</span> <span class='ocrx_word' id='word_1_302' title='bbox 1293 3702 1349 3756; x_wconf 88' lang='lat' dir='ltr'>im·</span> 
     </span>
     <span class='ocr_line' id='line_1_60' title="bbox 836 3772 1349 3843; baseline 0.008 -16"><span class='ocrx_word' id='word_1_303' title='bbox 836 3772 976 3827; x_wconf 85' lang='lat' dir='ltr'>mortalem</span> <span class='ocrx_word' id='word_1_304' title='bbox 989 3773 1101 3828; x_wconf 85' lang='lat' dir='ltr'>reddere</span> <span class='ocrx_word' id='word_1_305' title='bbox 1119 3776 1213 3843; x_wconf 79' lang='lat' dir='ltr'>vellet,</span> <span class='ocrx_word' id='word_1_306' title='bbox 1228 3788 1309 3831; x_wconf 83' lang='lat' dir='ltr'>noctu</span> <span class='ocrx_word' id='word_1_307' title='bbox 1320 3780 1349 3831; x_wconf 92' lang='lat' dir='ltr'>iu</span> 
     </span>
     <span class='ocr_line' id='line_1_61' title="bbox 835 3848 1348 3922; baseline 0.016 -22"><span class='ocrx_word' id='word_1_308' title='bbox 835 3848 896 3917; x_wconf 81' lang='lat' dir='ltr'>igne</span> <span class='ocrx_word' id='word_1_309' title='bbox 914 3850 1017 3917; x_wconf 85' lang='lat' dir='ltr'>posuit,</span> <span class='ocrx_word' id='word_1_310' title='bbox 1031 3862 1058 3904; x_wconf 91' lang='lat' dir='ltr'>et</span> <span class='ocrx_word' id='word_1_311' title='bbox 1073 3850 1144 3921; x_wconf 90' lang='lat' dir='ltr'>quod</span> <span class='ocrx_word' id='word_1_312' title='bbox 1159 3852 1226 3922; x_wconf 75' lang='lat' dir='ltr'>ignis</span> <span class='ocrx_word' id='word_1_313' title='bbox 1237 3854 1348 3908; x_wconf 83' lang='lat' dir='ltr'>absum·-</span> 
     </span>
     <span class='ocr_line' id='line_1_62' title="bbox 834 3927 1349 4002; baseline 0.01 -21"><span class='ocrx_word' id='word_1_314' title='bbox 834 3939 917 3995; x_wconf 86' lang='lat' dir='ltr'>serat,</span> <span class='ocrx_word' id='word_1_315' title='bbox 932 3927 957 3981; x_wconf 91' lang='lat' dir='ltr'>id</span> <span class='ocrx_word' id='word_1_316' title='bbox 968 3928 1084 3983; x_wconf 89' lang='lat' dir='ltr'>interdiu</span> <span class='ocrx_word' id='word_1_317' title='bbox 1093 3931 1349 4002; x_wconf 83' lang='lat' dir='ltr'>inungendocorpus</span> 
     </span>
     <span class='ocr_line' id='line_1_63' title="bbox 835 4006 1348 4081; baseline 0.01 -20"><span class='ocrx_word' id='word_1_318' title='bbox 835 4006 965 4061; x_wconf 82' lang='lat' dir='ltr'>ambrosia</span> <span class='ocrx_word' id='word_1_319' title='bbox 984 4010 1100 4063; x_wconf 88' lang='lat' dir='ltr'>restituit</span> <span class='ocrx_word' id='word_1_320' title='bbox 1113 4030 1119 4063; x_wconf 95' lang='lat'><strong>:</strong></span> <span class='ocrx_word' id='word_1_321' title='bbox 1132 4010 1219 4064; x_wconf 88' lang='lat' dir='ltr'>sicilie</span> <span class='ocrx_word' id='word_1_322' title='bbox 1231 4010 1348 4081; x_wconf 89' lang='lat' dir='ltr'>quotidie</span> 
     </span>
     <span class='ocr_line' id='line_1_64' title="bbox 834 4086 1348 4161; baseline 0.014 -22"><span class='ocrx_word' id='word_1_323' title='bbox 834 4086 945 4141; x_wconf 82' lang='lat' dir='ltr'>mirifice</span> <span class='ocrx_word' id='word_1_324' title='bbox 964 4090 1104 4143; x_wconf 80' lang='lat' dir='ltr'>crescebat.</span> <span class='ocrx_word' id='word_1_325' title='bbox 1124 4090 1215 4145; x_wconf 86' lang='lat' dir='ltr'>Mater</span> <span class='ocrx_word' id='word_1_326' title='bbox 1233 4112 1317 4161; x_wconf 88' lang='lat' dir='ltr'>quum</span> <span class='ocrx_word' id='word_1_327' title='bbox 1333 4112 1348 4146; x_wconf 87' lang='lat' dir='ltr'>e</span> 
     </span>
     <span class='ocr_line' id='line_1_65' title="bbox 834 4161 1348 4242; baseline 0.006 -21"><span class='ocrx_word' id='word_1_328' title='bbox 834 4161 950 4221; x_wconf 73' lang='lat' dir='ltr'>statano</span> <span class='ocrx_word' id='word_1_329' title='bbox 961 4188 1010 4221; x_wconf 88' lang='lat' dir='ltr'>suo</span> <span class='ocrx_word' id='word_1_330' title='bbox 1026 4171 1182 4238; x_wconf 84' lang='lat' dir='ltr'>observans,</span> <span class='ocrx_word' id='word_1_331' title='bbox 1195 4170 1282 4227; x_wconf 86' lang='lat' dir='ltr'>filium</span> <span class='ocrx_word' id='word_1_332' title='bbox 1293 4172 1348 4242; x_wconf 81' lang='lat' dir='ltr'>igni</span> 
     </span>
     <span class='ocr_line' id='line_1_66' title="bbox 833 4244 1348 4320; baseline 0.012 -23"><span class='ocrx_word' id='word_1_333' title='bbox 833 4244 988 4315; x_wconf 83' lang='lat' dir='ltr'>impositum</span> <span class='ocrx_word' id='word_1_334' title='bbox 1007 4246 1128 4319; x_wconf 75' lang='lat' dir='ltr'>videret,</span> <span class='ocrx_word' id='word_1_335' title='bbox 1149 4250 1264 4319; x_wconf 80' lang='lat' dir='ltr'>ejulavit.</span> <span class='ocrx_word' id='word_1_336' title='bbox 1280 4250 1348 4320; x_wconf 83' lang='lat' dir='ltr'>¹Quo</span> 
     </span>
    </p>
   </div>
   <div class='ocr_carea' id='block_1_12' title="bbox 0 0 1518 5009">
    <p class='ocr_par' dir='ltr' id='par_1_16' title="bbox 0 0 1518 5009">
     <span class='ocr_line' id='line_1_67' title="bbox 0 0 1518 5009; baseline 0 2"><span class='ocrx_word' id='word_1_337' title='bbox 0 0 1518 5009; x_wconf 95' lang='lat' dir='ltr'> </span> 
     </span>
    </p>
   </div>
  </div>
 </body>
</html>
