3025 5009
430 415 483 486 IN
516 415 700 488 ovtntt
727 415 941 486 FASTOS.
1159 421 1222 488 511

151 554 226 658 qui,
241 545 423 630 seeundum
437 547 572 628 labores
582 551 705 626 soosin
714 579 794 648 agro
804 550 963 640 colendo,
979 577 1103 626 annom
1116 550 1152 625 in
1167 552 1228 627 de-

153 698 224 746 sem
243 685 353 770 partes
370 665 532 740 dividunt
547 665 615 765 (V
608 695 703 773 erynge
719 665 758 741 de
776 666 830 741 M.
849 665 958 740 t’obte
976 663 1107 768 Cdoppe
1120 692 1158 741 eo
1175 667 1231 743 Si-

154 784 254 870 be'n'e,
276 797 349 858 tom.
368 781 459 869 ΙΙΙ,
473 810 510 883 p.
531 808 572 882 17
587 797 619 856 et
640 781 720 881 18.)

200 901 262 977 lv.
282 898 437 972 Fortasse
450 915 483 972 et
493 925 625 972 causam
641 897 741 997 hujus
755 897 984 972 Romanorum
993 895 1165 974 divisionis
1176 928 1232 974 re·

152 1017 261 1119 perire
269 1014 357 1102 licet,
370 1043 444 1116 que
453 1043 523 1090 sese
532 1014 642 1116 aliqua
651 1011 890 1115 probabilitate
901 1015 1117 1091 commendet.
1129 1018 1233 1119 Apud

152 1129 396 1220 Athenienses,
409 1147 450 1206 ut
463 1128 612 1232 populus
627 1129 664 1204 in
677 1128 790 1206 decern
802 1135 912 1229 φυλὰς,
929 1147 964 1204 et
979 1147 1114 1207 senetur
1125 1134 1162 1206 in
1177 1151 1233 1208 to·

154 1246 258 1322 tidem
283 1257 477 1346 πρυτανείας;
502 1248 550 1322 its
572 1245 671 1322 etiam
693 1263 786 1321 totus
810 1275 918 1322 annus
933 1247 970 1321 in
988 1248 1100 1322 desem
1119 1267 1233 1351 partes

156 1373 367 1466 (πρυτανείας)
384 1364 510 1440 divisus
528 1382 611 1453 erat,
631 1389 773 1465 quarum
792 1365 916 1464 quevis
932 1365 1069 1462 triginta
1083 1367 1233 1468 quinque

153 1480 204 1556 vel
223 1509 279 1571 ser
297 1480 367 1557 dies
389 1480 556 1568 habebat,
575 1497 609 1555 et
626 1477 662 1553 in
681 1480 806 1581 quibus
822 1481 964 1578 singulis
982 1482 1120 1579 singule
1137 1511 1234 1559 sena·

154 1615 209 1673 tus
233 1605 386 1697 πρύτανεις
411 1593 605 1699 reipublice
628 1613 801 1697 preerant.
824 1596 886 1671 Hs
913 1597 989 1671 anui
1011 1616 1123 1701 partes
1138 1599 1234 1700 juxte

153 1743 284 1790 menses
301 1730 481 1790 consuetos
498 1710 639 1786 solemni
655 1711 813 1786 divisioni
824 1713 1071 1798 inserviebant,
1093 1733 1133 1788 ut
1148 1745 1235 1790 mer·

155 1830 250 1906 cedes
264 1831 306 1906 ad
319 1857 433 1906 earum
447 1827 598 1903 ordinem
614 1825 833 1909 solverentur,
840 1843 902 1901 etc.
914 1845 947 1901 et
960 1829 1041 1929 ipsae
1054 1827 1234 1931 aliquando

154 1976 215 2050 per
231 1949 375 2024 abusum
395 1963 483 2044 μῆνες
513 1964 673 2022 vocantur
689 1977 698 2022 t
715 1944 790 2021 vide
807 1947 979 2020 Ammonii
1006 1945 1118 2022 locum
1144 1950 1236 2051 apud

155 2069 259 2168 Neap.
280 2068 322 2142 ad
343 2069 381 2156 I,
399 2093 446 2168 29
465 2096 491 2142 s.
513 2094 543 2139 v.
560 2073 727 2166 πρυτανεία.
754 2065 830 2138 Etsi
854 2062 957 2161 igitur
978 2065 1157 2169 scriptores
1174 2097 1237 2142 ro·

155 2183 246 2257 mani
260 2183 388 2258 inhiet.
401 2181 559 2272 Romuli,
573 2181 614 2258 de
629 2181 728 2257 simili
741 2199 876 2256 senatus
883 2180 1045 2258 divisione
1060 2202 1094 2258 et
1105 2183 1236 2286 imperii

155 2329 216 2402 per
226 2301 314 2376 vices
326 2299 460 2376 tenendi
470 2328 563 2375 more
576 2298 660 2373 nibil
675 2298 791 2386 edant,
807 2297 923 2371 Ovidii
935 2298 1036 2373 verba
1052 2300 1138 2400 (ΙΙΙ,
1152 2300 1236 2403 127)

154 2417 293 2494 similem
310 2417 504 2494 divisionem
520 2445 591 2491 non
608 2415 752 2492 obscure
770 2413 938 2488 innuunt:

292 2588 359 2644 lude
368 2607 446 2658 pares
457 2591 466 2620 ¹
480 2597 590 2644 eentum
604 2589 684 2640 denos
694 2582 807 2641 secrevit
819 2581 848 2636 in
858 2586 931 2637 orbes

341 2679 473 2734 Romulus
486 2699 493 2733 ι

159 2837 293 2941 etquid
311 2840 435 2935 igitur,
453 2836 481 2913 si
498 2837 577 2913 anni
602 2855 712 2912 totum
728 2833 846 2910 orbem
863 2832 931 2926 ita,
946 2850 987 2908 nt
1001 2833 1038 2908 iu
1052 2835 1237 2914 Athenien·

158 2957 252 3034 sibus
268 2957 340 3033 fieri
364 2956 534 3046 videmus,
555 2983 574 3030 a
591 2953 755 3031 Romanis
773 2951 872 3025 etiam
890 2968 967 3026 ante
986 2953 1153 3045 Numam,
1179 2956 1239 3058 qui

161 3110 180 3144 «
198 3077 330 3151 ommim
338 3075 458 3179 primus
467 3101 581 3150 aarum
592 3073 638 3147 ad
645 3073 730 3146 lurra
741 3069 887 3145 cursorio
900 3068 1057 3144 duodecin
1067 3073 1239 3148 mensesdi·

160 3195 227 3271 rr'si!
235 3229 251 3260 a
264 3211 449 3296 atempore,
464 3221 532 3294 quo
547 3219 685 3292 qunque
696 3189 822 3262 decima
832 3205 966 3262 senatus
975 3215 1054 3290 pars
1061 3187 1240 3293 imperium

158 3311 253 3387 urbis
272 3327 417 3399 teneret,
432 3309 574 3382 divisum
589 3333 660 3398 esse
678 3307 922 3380 statueremus?
934 3325 969 3381 et
980 3307 1092 3384 decem
1107 3339 1239 3389 menses

159 3458 281 3534 pares,
300 3429 430 3504 circiter
448 3425 588 3502 totidem
605 3425 733 3500 diemm
751 3453 789 3498 ac
803 3439 993 3524 πρυτάνειαι,
1011 3428 1049 3501 in
1063 3457 1152 3504 auno
1167 3434 1241 3507 Ro-

159 3544 272 3620 rnuleo
295 3543 548 3644 acciperemus?
570 3539 715 3614 Nomina
731 3539 851 3616 harum
869 3541 1036 3642 partium,
1058 3571 1120 3618 seu
1143 3573 1239 3621 men-

161 3657 248 3733 sium
262 3666 296 3748 ²,
316 3657 350 3746 si
362 3657 408 3730 ita
426 3681 480 3728 eas
498 3681 613 3728 vocare
632 3653 730 3743 lieet,
748 3683 922 3729 aunmero
939 3655 1043 3758 petita
1057 3685 1130 3732 esse
1144 3678 1243 3760 pote-

161 3794 254 3866 rant,
267 3802 285 3848 e
300 3772 424 3876 quibus
436 3773 545 3846 Numa
560 3769 709 3873 quedam
722 3770 821 3846 etiam
835 3771 872 3844 iu
882 3770 1054 3848 mensibus
1065 3771 1239 3854 lunaribus

181 3969 675 4045 ¹Aliipalrestsedparesjurepretuli.
724 3971 1238 4041 verosquebenesmirnamum,

181 4052 466 4124 'Derivsturquidem
480 4050 559 4120 volgo
574 4069 675 4104 nomen
725 4049 845 4118 derives,
858 4051 894 4104 ita
903 4061 934 4104 ut
942 4051 977 4120 ii,
989 4052 1033 4121 qui
1045 4053 1122 4122 primi
1130 4051 1242 4108 lvocuo·

166 4128 676 4200 vnensisantv,itautnounisidemense
727 4147 791 4184 men
800 4141 1027 4200 posuerunt,non
1036 4130 1196 4200 lunam,sed
1203 4134 1241 4188 di·

166 4209 677 4284 lunariorigiuitnsdictumsitFortssse
727 4207 1218 4284 visionemtantumannirespeserint
