3025 5009
440 483 958 555 1n0v1n11rnsros.
1165 485 1233 583 497

158 625 193 701 in
218 625 378 722 religione
400 641 533 728 patrum
558 627 772 728 potissimum
798 625 982 714 versantia,
1008 623 1092 700 adeo
1116 653 1236 730 parum

158 745 354 820 anctoritate
370 743 512 818 valuisse
524 761 556 817 et
567 743 749 818 virtutibus
758 771 794 818 se
805 742 1052 817 commendasse
1061 742 1233 836 videntur,

157 881 197 938 ut
212 863 279 939 nisi
293 861 388 965 prius
403 862 542 950 amissa,
562 879 672 936 tamen
686 861 782 964 poesi
800 847 962 958 guerceio
980 861 1110 938 ltaliam
1126 881 1236 938 trans·

157 974 233 1052 latae
252 976 366 1052 atatim
384 975 560 1064 cederent,
581 993 615 1049 et
637 980 713 1052 ¹cnm
734 975 776 1048 iis
798 974 914 1076 patn'ae
929 975 995 1049 illae
1011 975 1130 1052 veteris
1147 979 1236 1053 Latii

159 1089 242 1165 ideae
257 1089 422 1186 religiosae
437 1107 474 1164 et
485 1089 591 1191 mythi
605 1089 696 1163 hand
712 1089 813 1163 dubie
827 1089 1003 1192 perierint,
1018 1089 1065 1164 ita
1077 1109 1130 1178 nt,
1145 1121 1236 1166 non-

159 1205 225 1280 nisi
244 1205 280 1278 in
304 1205 398 1280 lesus
420 1219 454 1280 et
476 1205 600 1280 ritibus
623 1203 816 1280 domesticis
841 1203 953 1305 aliqua
977 1232 1095 1280 eornm
1117 1208 1238 1280 notitia

159 1338 309 1410 servata,
330 1347 436 1396 cause
453 1321 580 1396 rituum
598 1320 733 1396 illorum
754 1321 953 1423 plerumque
975 1323 1133 1426 perirent.
1153 1324 1237 1400 lnde

157 1434 257 1510 simul
273 1453 426 1537 apparet,
446 1463 506 1510 cur
518 1435 584 1536 ipsi
601 1453 726 1510 veteres
738 1435 775 1508 in
792 1435 917 1537 mythis
931 1454 967 1510 et
983 1437 1110 1526 causis,
1126 1466 1147 1511 a
1162 1439 1239 1538 qui-

157 1551 224 1626 bus
238 1551 327 1626 serio
343 1569 378 1626 et
393 1550 586 1626 ceremoniae
602 1550 790 1626 domestice
805 1551 991 1654 repetendae
1008 1570 1135 1642 esseut,
1151 1553 1235 1628 adeo

157 1668 500 1756 indiversaebierint,
518 1696 623 1768 quum
638 1683 747 1741 vetera
761 1665 819 1739 illa
833 1687 1049 1741 monumenta
1059 1667 1110 1742 vel
1125 1670 1240 1770 deper-

161 1785 230 1860 dita
242 1802 368 1874 essent,
383 1785 434 1860 vel
449 1784 493 1859 ob
507 1783 714 1868 inconditam
727 1782 877 1878 linguam
891 1781 946 1856 vix
961 1783 1235 1880 intelligerentur.

160 1902 285 1976 Graecis
294 1919 406 1976 autem
420 1899 544 1974 sabulis
557 1897 658 1973 literae
673 1926 817 1973 romanae
830 1915 909 1970 tnnc
921 1899 1134 1998 potissimum
1152 1900 1235 1975 citra

159 2017 300 2092 dubium
314 2015 443 2090 obrute
460 2031 562 2103 sunt,
587 2039 693 2115 quum
711 2012 827 2108 graecis
841 2011 952 2112 poetis
966 2030 1001 2084 et
1016 2013 1238 2115 scriptoribus

159 2129 326 2204 vertendis
345 2129 490 2202 Romani
512 2127 684 2226 ingenium
709 2153 858 2200 exercere
880 2126 1079 2228 coepissent,
1104 2145 1138 2202 et
1158 2147 1239 2203 tunc

159 2249 316 2338 maxime,
335 2275 442 2348 quum
451 2241 514 2346 pro
525 2247 640 2320 Crono
648 2243 836 2330 Sotummn,
856 2272 919 2346 pro
929 2245 1024 2322 Rhea
1037 2245 1156 2348 Opem,
1174 2277 1240 2350 pro

159 2365 293 2442 Baccho
302 2363 450 2438 Liberum
460 2362 717 2448 substituerent,
735 2359 861 2434 sactum
873 2380 943 2450 est,
962 2381 1004 2438 ut
1018 2364 1126 2464 mythi
1140 2366 1239 2461 graeci

157 2482 201 2556 ad
215 2482 285 2556 haec
294 2480 432 2555 nomina
445 2478 626 2554 domestica
635 2477 848 2552 reserrentur.
864 2480 916 2552 Ita
928 2478 963 2551 in
971 2478 1087 2554 multis
1100 2481 1237 2572 accidit,

156 2616 197 2672 ut
211 2597 349 2672 nonnisi
364 2595 497 2670 nomina
516 2594 559 2669 ed
576 2593 707 2668 Latium
724 2593 927 2694 pertinentia
938 2614 1084 2692 arguant
1101 2598 1238 2696 religio·

156 2743 233 2789 nem
251 2741 367 2790 eorum
383 2712 431 2786 ibi
450 2711 666 2785 domesticam
684 2738 778 2798 esse,
802 2709 924 2787 fabule
940 2741 1057 2789 omncs
1072 2743 1092 2789 e
1112 2716 1238 2793 Gracia

156 2833 269 2934 petitae
287 2849 376 2908 sunt.
395 2827 681 2902 Jncundissimnm
696 2826 834 2915 accidit,
854 2827 884 2902 si
902 2829 1036 2930 quando
1052 2851 1237 2908 commuta-

158 2950 262 3026 tionis
287 2974 403 3024 eorum
430 2973 505 3018 curn
528 2944 726 3018 nominibus
754 2941 868 3039 grecis
891 2963 1098 3022 momentum
1121 2947 1235 3052 aliqua

158 3096 235 3143 cum
256 3059 543 3138 verisimilitudine
569 3058 827 3160 deprehendisse
853 3059 956 3134 uobis
980 3061 1084 3136 videri
1110 3094 1236 3167 possu-

157 3317 190 3352 ex
205 3294 350 3352 ocremione
366 3290 505 3345 literarum
524 3307 669 3360 grecam
716 3290 817 3351 Ianus,
839 3289 915 3358 cuins
931 3290 1061 3363 praecipue
1085 3294 1121 3350 ibi
1144 3307 1233 3368 parre,

155 3379 246 3448 lingua
255 3375 353 3430 mirum
362 3373 390 3426 in
400 3371 512 3426 modurn
521 3379 622 3424 mutata
632 3387 669 3422 es·
716 3367 794 3422 fuere
809 3367 900 3436 (unde
911 3369 1001 3443 Lydus
1013 3393 1027 3425 a
1039 3375 1141 3444 potiore
1155 3396 1162 3430 ε
1179 3381 1232 3432 Σά-

155 3469 212 3526 set,
232 3456 273 3508 vin
284 3451 432 3520 intellecta,
451 3469 566 3521 quorum
578 3459 667 3502 autem
716 3453 763 3500 lm
774 3449 942 3513 nigromonte-15
950 3453 990 3504 ebo
1000 3441 1088 3517 ima)
1101 3454 1231 3508 samm

155 3553 281 3608 magnam
292 3533 345 3586 vim
358 3531 457 3586 rasead
469 3528 667 3600 intelligendam
718 3523 817 3594 (quam
833 3524 951 3580 formam
970 3528 1026 3583 vult
1040 3529 1132 3600 Scal.)
1147 3534 1231 3588 Lm.

153 3615 267 3687 patriam
286 3610 476 3684 mythologiam
495 3620 598 3663 certum
619 3618 666 3660 est.
714 3609 782 3668 leits,
803 3607 951 3668 Volucrem,
966 3609 1077 3673 Mania,
1096 3611 1232 3666 Humane

152 3695 194 3750 Ea
201 3694 273 3748 enirn
281 3689 475 3757 nurnine,quoe
482 3687 511 3740 in
519 3685 666 3740 illisnomi-
715 3693 876 3752 occurrunt,
889 3683 922 3737 de
940 3704 1055 3754 quorum
1072 3687 1229 3758 antiquitate

150 3773 236 3828 nntim
246 3776 408 3831 occurrunt,
424 3765 478 3834 jam
491 3775 555 3818 tunc
571 3763 665 3816 Romo
715 3773 742 3818 et
756 3762 899 3818 domestica
910 3764 938 3816 in
953 3763 1026 3818 ltalia
1039 3763 1166 3836 religione
1183 3769 1229 3839 ju-

149 3853 220 3911 culta
232 3871 312 3917 esse,
333 3846 451 3917 indicare
471 3843 546 3908 licet,
565 3853 591 3896 et
610 3841 664 3910 jam
714 3839 802 3894 dicare
814 3841 882 3895 licet
900 3840 980 3895 Aliud
997 3863 1091 3897 eorum
1106 3865 1229 3903 commo.

149 3943 251 3989 veteres
263 3927 427 4002 grammatici
440 3945 472 3978 ex
486 3943 536 3992 eo,
551 3921 573 3976 si
591 3921 663 3992 qnod
713 3917 780 3971 dum
798 3918 826 3972 in
846 3939 879 3972 eo
896 3931 1032 3986 versatur,
1054 3933 1102 3990 ut,
1121 3925 1143 3978 ei
1162 3927 1227 3996 quid

150 4031 251 4071 numen
263 4013 291 4065 in
301 4009 351 4064 illie
358 4027 415 4062 non
426 4007 535 4061 obvium
544 4014 617 4072 erat,
630 4001 663 4056 de
712 3996 805 4064 aliud,
823 3997 932 4067 antiqua
950 4018 1045 4052 eorum
1062 3999 1173 4072 lingua,
1192 4006 1227 4059 ad

149 4091 247 4148 seriore
257 4090 315 4158 ejus
323 4083 662 4152 acoessioneconjecernnt3
712 4093 804 4130 reram
816 4077 955 4130 notionem
967 4075 1079 4132 deorum
1091 4099 1228 4149 quornm.

151 4165 225 4234 (vid.
237 4165 303 4221 infra
322 4161 507 4228 devenere).
525 4161 556 4214 ln
574 4157 662 4229 paucis
711 4153 773 4208 darn
785 4155 992 4212 domesticorum
1009 4160 1163 4228 conjectura
1177 4164 1229 4218 ed*

149 4249 194 4314 iis,
205 4263 264 4317 quan
274 4236 593 4311 habemus,lragmentis,
608 4255 630 4290 r.
639 4254 660 4288 c.
710 4233 874 4304 sequendam
888 4235 988 4300 ducet..

249 4335 316 4408 VI.
1044 4333 1084 4398 'de
