3025 5009
395 488 704 561 rasronuu
730 494 834 561 nro.
861 496 915 561 11.
1147 494 1203 581 14.

176 634 223 706 Et
238 646 376 706 cantant
390 628 527 720 laudes,
545 634 701 707 Termine
720 651 852 722 sancte,
870 651 957 707 tuas.

9 776 11 817 t
128 752 182 826 Tu
200 748 366 851 populos,
383 747 571 849 urbesque,
589 765 623 823 et
639 778 741 845 regna
757 749 907 847 ingentia
918 748 1014 824 finis:

178 866 301 941 Omnis
319 864 383 940 erit
400 862 472 939 sine
489 880 521 937 te
536 862 709 961 litigiosus
724 893 813 961 ager.
1158 888 1211 939 ooo

127 979 228 1055 Nulla
246 980 310 1054 tibi
327 978 469 1057 ambitio
482 997 559 1055 est:
575 978 671 1055 nullo
689 981 915 1081 corrumperis
931 1009 1037 1057 auro:

176 1095 342 1192 Legitima
359 1122 472 1170 servas
489 1094 614 1171 credita
629 1124 707 1170 rura
723 1094 800 1171 fide.

129 1210 165 1285 Si
184 1228 220 1284 tu
237 1211 405 1308 signasses
424 1210 505 1285 olim
521 1210 724 1313 Thyreatida
741 1229 883 1302 terram,

178 1327 333 1429 Corpora
347 1356 417 1401 non
433 1326 502 1403 leto
520 1328 621 1404 missa
637 1346 785 1403 trecenta
799 1328 933 1418 lorent3

129 1443 199 1517 Nec
217 1441 307 1517 foret
323 1442 515 1546 Othryades
531 1445 700 1541 congestis
716 1444 825 1519 lectus
841 1445 878 1518 in
894 1446 1004 1519 armis.
1162 1467 1214 1520 tot

178 1558 212 1633 Ο
231 1576 394 1660 quantum
410 1558 526 1661 patria
542 1559 716 1658 sanguinis
730 1558 788 1634 ille
803 1558 916 1634 dedit!

133 1674 248 1773 Quid,
265 1705 354 1751 nova
374 1704 479 1778 quum
495 1674 615 1751 fierent
633 1675 827 1779 Capitolia?
842 1702 962 1777 nempe
979 1674 1130 1750 Deorum

159 1846 219 1918 659
231 1845 309 1899 Tales
320 1845 436 1918 hymnos
450 1846 549 1901 Noster
558 1857 586 1900 et
596 1845 646 1900 ali·
694 1842 1153 1916 quamanimarneabalaret,tropaeo
1162 1844 1214 1919 ely·

128 1923 154 1979 bi
165 1923 331 1991 inseruit,ut
340 1924 456 1979 tvMet
470 1944 517 1990 rr,
531 1924 561 1978 in
569 1924 643 1981 Bac-
694 1924 736 1993 pei
744 1922 846 1977 hostilis
856 1921 1002 1992 inscripsit,
1017 1920 1106 1992 digitis
1115 1943 1211 1978 cruore

128 2001 221 2066 num,
235 2012 263 2055 es
276 2001 331 2057 v11
342 2002 454 2055 meum.
463 2002 562 2069 ragin
572 2000 643 2056 rte·
695 2001 782 2057 outo
802 2003 893 2057 :aas
908 2007 1010 2072 aanor
1029 1989 1149 2077 orfus.
1172 2010 1215 2057 ..a

127 2079 164 2133 sel
173 2078 403 2145 laudem-Finis,
416 2078 514 2133 finibus
520 2078 643 2148 includis,
693 2083 882 2147 Δαιδαιμὸνυι.
891 2075 1023 2131 Herodot.
1032 2077 1061 2145 Ι,
1071 2079 1102 2132 82
1110 2102 1118 2143 ;
1127 2078 1213 2133 Thoe.

128 2154 643 2227 finesregnorurnsignas.Unus,s115rras.
696 2159 740 2225 V,
753 2161 800 2224 4¹3
817 2155 961 2211 Pausanias
974 2153 1097 2209 Corinth.
1110 2177 1136 2227 p.
1155 2176 1215 2211 aot.

128 2262 161 2275 -
171 2236 305 2299 Ambitio,
323 2234 442 2290 studium
459 2235 548 2305 gratie
564 2234 643 2289 colli-
696 2235 770 2289 Hine
781 2232 873 2289 Barth.
885 2245 966 2290 tectas
978 2232 1007 2285 in
1021 2236 1103 2288 lectus
1116 2235 1217 2289 mutari

128 2311 229 2383 genda.
240 2315 449 2381 desint-an,
463 2312 563 2383 legibus
572 2332 645 2367 eon·
695 2313 820 2380 volebat,
835 2312 916 2382 idque
929 2311 1057 2367 Heinsius
1072 2311 1114 2366 rel
1127 2313 1217 2368 inritis

127 2402 302 2461 sentaneum,
317 2391 418 2461 legibus
434 2392 617 2446 constitutum.
695 2392 768 2447 libris
786 2390 972 2462 recipiendum
992 2391 1124 2462 putabat,
1146 2412 1217 2463 pre-

160 2468 220 2522 663.
231 2466 318 2522 Docte
331 2488 390 2521 rem
403 2470 524 2539 exemplo
533 2470 645 2539 antiquo
695 2471 788 2525 sertim
805 2489 890 2540 quum
909 2471 989 2524 etiam
1007 2470 1077 2541 apud
1098 2470 1216 2527 Statium

126 2544 449 2619 illustrat-Thymbras
456 2566 518 2618 ager
526 2547 646 2602 interhr·
696 2549 784 2605 Theb.
792 2551 843 2617 IV,
854 2553 900 2619 47,
912 2550 1075 2620 reperiatur:
1087 2572 1100 2597 α
1112 2552 1149 2605 Et
1163 2551 1217 2605 La-

127 2626 217 2697 girum
231 2638 260 2680 et
273 2626 436 2682 Laconicum
448 2628 481 2681 ad
492 2646 566 2682 mare
582 2647 647 2698 per-
698 2650 712 2676 a
725 2627 922 2683 cedasusouiurn
931 2628 1024 2701 Thyrc
1033 2628 1134 2683 lectura
1142 2650 1217 2685 eruo

128 2707 224 2759 tineus.
237 2704 387 2779 Thucydid.
394 2706 438 2775 ll,
449 2728 489 2779 ²7·
498 2708 581 2762 Vicus
590 2708 646 2764 aliis
697 2730 711 2755 υ
725 2726 792 2762 rem.
806 2730 819 2755 υ
833 2708 895 2763 Non
908 2706 1026 2763 dubitavi
1035 2708 1060 2761 ei
1071 2710 1216 2781 obtempe-

60 2794 64 2803 '
132 2786 246 2859 Thyrea,
264 2786 319 2840 aliis
335 2788 443 2859 Thym
453 2787 584 2842 scribitur.
597 2787 647 2841 Vi·
695 2790 904 2857 rare-Sigron
913 2788 1036 2841 similiter
1051 2787 1107 2842 sere
1124 2790 1136 2843 l
1152 2792 1217 2844 Me-

128 2862 497 2938 delntt.adThncydid.1V,
511 2868 551 2921 56.
566 2867 647 2922 lnco-
697 2876 760 2920 tam.
782 2866 842 2932 136,
864 2889 878 2912 α
893 2862 995 2919 Cautus
1009 2865 1123 2919 humum
1134 2867 1215 2937 longo

128 2944 159 2997 les
174 2946 319 3015 Thyreatae,
329 2944 603 3015 monenteStephauo
611 2946 645 3001 de
697 2968 711 2993 ν
722 2946 835 3017 signavit
846 2945 929 2999 limite
944 2965 1088 2999 mensor.»

129 3022 197 3077 Urh.
210 3040 289 3092 aquo
301 3033 329 3076 et
337 3021 429 3076 semin.
443 3026 576 3097 Thyreatis
586 3044 646 3079 me-
728 3024 787 3093 667.
799 3022 828 3076 L
837 3022 999 3093 Tarquinius
1008 3024 1122 3092 Priscus,
1131 3036 1216 3082 utro·

129 3104 523 3177 moratur.Thurydidesrnodo
533 3108 648 3179 Thyrea·
696 3112 723 3156 ta
734 3100 860 3168 solveret,
879 3119 938 3171 qute
948 3101 977 3154 in
996 3113 1132 3171 postremo
1149 3124 1213 3159 curu

128 3184 186 3235 rita
192 3192 294 3235 terram
302 3193 386 3249 vocat,
396 3182 478 3237 modo
486 3181 645 3257 Cynuriam,
697 3180 802 3237 Sabinis
808 3182 900 3251 prelio
907 3194 1125 3252 nuncupaverat,
1137 3194 1214 3238 tem-

129 3260 307 3333 quiaThyrea
313 3278 372 3329 pars
381 3258 517 3334 Cynuriae.
525 3260 648 3316 Conten·
696 3257 771 3327 plum
778 3256 858 3326 Jovi,
871 3257 975 3311 Junoni
986 3270 1013 3313 et
1022 3258 1155 3314 Minervae
1166 3282 1214 3315 ex-

129 3340 203 3394 tione
216 3339 249 3393 de
263 3338 343 3408 hujus
355 3342 410 3410 agri
422 3340 519 3396 finibus
529 3342 648 3413 aliquan·
695 3344 799 3389 struere
813 3336 906 3405 voluit,
915 3336 994 3407 idque
1005 3338 1034 3391 in
1046 3350 1137 3393 monte
1146 3340 1217 3394 Tar-

129 3418 166 3473 do
178 3422 251 3474 inter
269 3419 382 3489 Argivos
394 3430 422 3473 et
434 3418 648 3475 Lacedrernonios
697 3416 773 3486 pelo,
785 3416 875 3471 multis
885 3416 1009 3471 Deorum
1018 3418 1069 3473 aris
1077 3431 1105 3473 et
1114 3419 1214 3475 sacellis

129 3512 203 3563 orta,
213 3516 246 3550 ex
259 3507 375 3565 utroque
383 3496 483 3567 populo
493 3498 647 3566 treccar'ju-
697 3496 986 3564 occupatoUtliheraa
997 3497 1216 3567 ceterisreligio-

130 3594 212 3631 venes
221 3574 283 3629 lecti
297 3586 374 3642 sunt,
388 3576 434 3645 qni
446 3577 526 3631 armis
534 3576 567 3631 de
575 3596 606 3630 ea
618 3596 647 3631 re
696 3573 776 3628 nibus
788 3594 849 3629 area
864 3588 947 3645 esset,
957 3577 1143 3647 exauguranda
1155 3576 1218 3632 sana

129 3652 316 3709 decernerent.
327 3653 367 3709 Ex
379 3674 412 3709 eo
424 3655 514 3725 praelio
524 3654 580 3709 duo
592 3658 648 3711 Ar-
698 3662 783 3705 erant.
789 3651 843 3706 Sed
852 3673 936 3724 quum
943 3656 1065 3707 omnium
1072 3674 1217 3725 exaugura-

129 3733 181 3803 gni
192 3732 347 3802 superstites
367 3730 442 3787 suere
457 3772 465 3801 ,
482 3732 603 3796 ,Alsenos
619 3745 648 3788 et
695 3732 783 3787 tiones
791 3732 1048 3801 aelrnitterentares¹
1061 3734 1090 3787 in
1104 3736 1219 3788 Temriu'

132 3808 294 3877 Chromins,
307 3820 386 3881 atquc
398 3830 468 3865 unus
477 3812 648 3867 Lacedaemo·
697 3820 725 3863 et
736 3810 891 3865 Juventutis
900 3813 967 3865 sanis
981 3830 1037 3864 non
1047 3812 1214 3869 addixerunt.

130 3890 206 3957 nius,
222 3891 376 3961 Othryades·
393 3890 435 3945 llli
451 3890 537 3962 Argos
553 3891 648 3945 arola·
699 3887 792 3941 Hisoh
800 3888 1216 3961 nullisaugurumprecibusflee·

131 3968 650 4034 runt,rictoriamnuntiaturi;hicman·
697 3968 718 4022 ti
731 3980 894 4039 potuerunt,
907 3981 937 4023 ut
950 3969 1150 4025 locoeederent.
1159 3974 1216 4027 lta-

130 4047 172 4115 sit‚
180 4046 354 4118 spoliavitque
362 4046 466 4104 occisos.
472 4047 555 4115 Hinc,
563 4066 648 4117 quum
697 4066 749 4117 que
757 4066 853 4100 eorum
864 4066 916 4102 arte
924 4049 1015 4119 templi
1027 4051 1129 4105 ambitu
1139 4070 1217 4105 com-

132 4124 372 4193 victoriaambigua
385 4135 463 4193 esset,
473 4144 575 4179 norum
584 4142 649 4195 pre·
696 4123 834 4195 prehensa
848 4137 911 4180 sunt
922 4148 928 4191 ;
941 4137 972 4180 ut
984 4126 1066 4181 altera
1080 4130 1130 4184 sita
1147 4140 1217 4183 esset

131 4200 195 4258 lium
205 4205 380 4259 commissum
393 4215 449 4272 est,
462 4206 490 4258 in
507 4224 561 4275 quo
573 4207 649 4259 vice-
700 4204 729 4257 in
740 4204 872 4258 Minerva
879 4205 1019 4274 vestibulo,
1030 4207 1112 4261 altera
1121 4208 1149 4260 in
1158 4209 1216 4277 ipso

130 4281 405 4339 ructaret-monti.
416 4282 561 4353 Othryades
571 4292 649 4337 ante-
698 4284 809 4353 templo.
821 4282 892 4338 Vide
902 4284 1076 4358 Dionysium,
1093 4287 1152 4358 Ill,
1165 4288 1217 4362 693
