3025 5009
414 510 468 580 nt
492 511 679 582 ovtutt
703 509 931 578 rasros.
1141 508 1209 602 aa„

309 699 445 757 Continua
459 699 566 771 delphin
579 710 656 800 nocte
669 699 800 754 videndos
810 699 878 767 erit,

143 845 234 948 quod
250 863 284 920 et
299 845 333 918 h.
351 843 374 917 l.
389 845 431 920 de
439 862 517 919 ortu
525 844 713 945 acronyclto
726 843 870 939 intelligi
883 842 993 918 debet.
1008 841 1135 916 Similia
1145 842 1215 917 lere

143 962 213 1037 loca
227 980 323 1048 sunt,
342 964 384 1050 V,
405 960 494 1062 733,
513 981 545 1036 ct
560 964 626 1047 Vl,
648 959 717 1032 235
731 962 828 1062 (vide
843 958 941 1037 Plaff.
960 987 994 1060 p.
1014 961 1060 1059 74
1077 975 1111 1032 et
1126 957 1212 1057 75),

142 1080 203 1153 ubi
227 1083 344 1154 Bootae
369 1106 505 1152 occasus
527 1077 710 1154 matutinus
736 1079 790 1153 bis
807 1076 986 1179 repetitur,
1004 1091 1038 1148 et
1054 1072 1154 1149 semel
1171 1074 1212 1148 ad

142 1199 277 1288 Romae,
296 1191 397 1268 semel
414 1191 456 1266 ad
475 1193 608 1268 Graeciae
628 1193 839 1268 horizontem
859 1191 1026 1294 pertinet,
1048 1188 1213 1263 eteoclem

142 1310 243 1384 modo
261 1337 296 1383 se
309 1309 448 1384 babebit
461 1338 529 1384 cum
551 1309 650 1416 [97oe
664 1325 696 1384 et
716 1310 836 1410 Regali
851 1307 1042 1397 occasibus,
1064 1305 1130 1380 alio
1152 1334 1213 1378 no·

141 1425 230 1500 mine
246 1443 362 1526 postea
376 1425 571 1516 laudandis,
589 1455 674 1528 qnos
687 1429 722 1516 l,
738 1425 826 1520 654,
842 1425 874 1499 d.
891 1424 937 1498 23
951 1427 1028 1501 Jan.
1046 1441 1080 1499 et
1091 1422 1212 1496 iterum

141 1543 195 1632 ll,
216 1540 278 1640 75,
290 1539 322 1613 d.
338 1540 467 1615 2Febr.
483 1540 660 1630 adscribit,
675 1543 736 1616 obi
752 1542 789 1616 in
801 1541 1017 1628 Kalendario,
1032 1539 1124 1640 quod
1137 1558 1213 1612 ante

140 1646 256 1723 oculos
272 1646 410 1736 habuit,
429 1648 530 1723 iidem
548 1678 686 1726 occasus
700 1651 772 1737 bis,
791 1651 850 1725 sed
867 1648 1050 1725 secuudum
1066 1646 1212 1720 diversos

140 1764 334 1840 horizontes
351 1765 500 1840 adnotati
515 1765 615 1841 suere.
633 1766 689 1841 Ad
703 1767 819 1843 Ovidii
836 1784 947 1843 autem
964 1765 1162 1868 imperitiam
1177 1764 1214 1836 in

140 1883 194 1956 lris
210 1882 342 1957 ortibus
358 1901 392 1957 et
410 1883 583 1958 occasibus
599 1885 736 1958 carmini
754 1913 817 1960 suo
832 1883 1042 1970 intexendis,
1058 1883 1125 1982 jam
1142 1880 1217 1981 pri·

142 2000 218 2074 dem
237 2002 422 2078 K'a'stnerus
447 1999 630 2102 aliquando
660 2001 767 2100 digito
791 2002 939 2079 intendit
959 1997 1216 2102 (Kt'stnersctes

146 2114 348 2221 llloocltcrley
362 2115 578 2190 ostroootm'sch
591 2114 852 2219 -pltilologischm
869 2116 997 2192 Indalts
1013 2117 1045 2190 t'o
1066 2115 1098 2189 d.
1119 2141 1215 2188 neuen

138 2230 255 2330 philol.
270 2229 465 2306 Bibliothet.
482 2233 522 2306 B.
540 2235 593 2320 ll,
610 2233 659 2306 St.
675 2253 713 2320 1,
732 2261 768 2332 p.
788 2259 806 2331 7
829 2261 905 2332 sqq.
918 2235 959 2330 ),
978 2249 1011 2307 et
1031 2231 1216 2317 Ovidium,

82 2441 87 2448 .
143 2347 226 2448 quid
234 2346 366 2426 intersit
378 2347 466 2419 inter
473 2363 585 2422 ortum
597 2364 632 2420 et
641 2375 809 2436 occasum,
820 2346 872 2421 vel
882 2348 1080 2432 motuobmn,
1093 2345 1144 2419 vel
1158 2373 1216 2419 ve-

142 2463 323 2562 spertinum,
342 2491 414 2536 non
427 2459 538 2536 solum
551 2460 752 2558 neglexisse,
772 2463 830 2536 sed
842 2463 928 2537 forte
939 2463 1126 2538 nescivisse
1140 2462 1218 2564 qui·

143 2578 236 2665 dem,
253 2595 287 2652 et
302 2576 398 2651 locus
415 2575 612 2652 aKiistnero
628 2576 677 2651 ibi
695 2575 869 2678 expositos
886 2594 919 2649 et
937 2574 1038 2649 multi
1051 2576 1127 2664 alii,
1155 2577 1217 2651 ubi

143 2711 254 2795 aperte
267 2692 407 2768 alterum
416 2692 511 2772 alteri
523 2692 911 2783 substituit,luculenter
918 2710 1073 2789 arguunt
1082 2695 1217 2768 Utrum-

144 2811 209 2910 que
228 2826 339 2884 autem
356 2835 430 2884 vere
456 2827 528 2884 toto
548 2809 628 2885 caelo
644 2809 779 2884 differre
802 2839 901 2885 nemo
916 2810 1070 2907 ignorat,
1096 2810 1148 2883 vel
1164 2810 1218 2883 in·

145 2941 260 3028 specto
275 2923 378 3020 globo
396 2923 641 3028 deprehendet3
659 2928 690 3015 l,
711 2923 753 2997 31
765 2953 802 2999 r:

179 3183 183 3190 Ι
281 3115 353 3186 Ergo
366 3116 410 3170 ubi
423 3135 475 3170 nor
488 3116 572 3171 aderit
584 3117 702 3172 venturis
715 3117 793 3171 tertia
804 3118 882 3171 nonis
895 3157 903 3185 ,

329 3204 476 3276 Sparsaque
490 3205 586 3260 celesti
598 3224 659 3260 rore
673 3204 791 3260 madebit
802 3204 914 3269 bomon

279 3292 418 3364 Octipedis
431 3293 530 3348 lrustra
543 3305 696 3366 querentur
708 3295 815 3350 brachia
828 3293 942 3360 cancro

333 3385 454 3455 Prnceps
466 3384 588 3439 occiduas
601 3385 643 3440 ille
656 3386 752 3440 subivit
764 3405 851 3456 aquas.

196 3530 320 3630 Aperte
339 3557 492 3604 occasum
514 3528 739 3630 vespertinum
756 3529 856 3604 verba
872 3530 1029 3604 innuunt.
1053 3533 1220 3606 Occasum

148 3661 259 3718 autem
280 3646 460 3720 tnotutt'oum
491 3643 668 3720 dicendum
695 3645 799 3722 luisse
821 3675 935 3731 omues
958 3646 1122 3722 viderunt.
1152 3646 1222 3719 Pro

145 3761 247 3835 aden't
268 3781 378 3837 autem
399 3762 578 3837 rescribere
594 3762 690 3848 obti't,
724 3765 788 3838 etsi
814 3763 954 3839 latinum
969 3764 1081 3852 toret,
1095 3792 1156 3838 nec
1174 3761 1219 3837 ob

149 3886 341 3979 sequentem
352 3907 482 3954 versum
492 3877 586 3966 licet,
604 3878 666 3979 qui
676 3907 847 3984 vesperam
857 3881 983 3972 innuit,
997 3880 1122 3956 necbic
1132 3908 1224 3956 error

151 4021 280 4095 semper
296 4022 469 4068 recurrens
484 3979 645 4068 concidit.

199 4111 238 4198 1,
256 4107 327 4182 653
341 4109 358 4209 (
371 4110 402 4183 d.
421 4108 467 4182 23
482 4112 557 4186 Jan.
572 4112 589 4209 )
604 4113 752 4187 Occasus
766 4113 859 4214 Lyrae
874 4113 1065 4211 vespertinus
1076 4139 1153 4186 cum
1165 4140 1224 4186 oc-

152 4251 230 4300 casu
250 4223 373 4322 Reguli
389 4226 562 4325 vesperttito
570 4226 730 4326 jungitur.
747 4227 838 4301 Toto
856 4226 935 4302 carlo
951 4227 1016 4302 hos
1032 4226 1167 4304 differre
1183 4256 1226 4302 ne
