3025 5009
331 468 374 563 74
609 477 648 541 P.
682 474 1123 548 ov1n11nesoru's

329 609 367 683 Si
382 628 474 712 petat
489 641 508 686 a
526 614 621 689 victis
635 646 643 705 ;
662 634 713 691 tot
730 637 840 693 sumat
856 620 994 694 nomina
1008 621 1135 709 Caesar,
1203 636 1209 648 “

378 729 474 825 Quot
489 761 629 807 numero
647 753 762 830 gentes
779 737 943 811 maximus
960 738 1054 813 orbis
1070 738 1181 811 habet.
1356 762 1414 813 too

326 840 378 919 Ex
397 873 465 917 uno
484 848 619 947 quidam
637 848 802 937 celebres,
824 870 883 925 ant
901 852 1031 953 torquis
1048 852 1207 939 ademtae,

376 962 447 1035 Aut
464 966 553 1037 corvi
571 966 688 1042 titulos
705 968 875 1042 auxiliaris
891 969 1028 1043 habent.

329 1080 469 1175 Magne,
483 1099 578 1157 tuum
597 1112 718 1159 nomen
733 1114 844 1160 rerum
862 1116 1016 1163 mensura
1034 1106 1166 1161 tuarum
1182 1105 1257 1162 est:

376 1197 442 1269 Sed
461 1200 518 1299 qni
537 1218 568 1275 te
586 1201 686 1289 vicit,
705 1204 841 1277 nomine
857 1204 965 1304 major
980 1222 1059 1278 erat.

327 1314 395 1385 Nec
414 1316 536 1409 gradus
552 1337 602 1395 est
615 1318 704 1393 ultra
720 1321 844 1395 Fabios
859 1322 1072 1416 cognominis
1088 1319 1187 1395 ullus.
1355 1344 1412 1395 605

374 1428 437 1505 llla
455 1432 574 1508 domus
593 1438 720 1511 meritis
737 1438 883 1513 Maxima
897 1439 986 1513 dicta
1003 1440 1083 1514 suis.
1185 1472 1191 1480 ⁴

326 1546 392 1619 Sed
411 1566 521 1623 tamen
538 1553 692 1628 humanis
711 1552 921 1631 celebrantur
936 1556 1131 1630 honoribus
1148 1579 1287 1629 omnes:

375 1667 440 1741 Hic
459 1670 587 1742 socium
605 1699 736 1745 summo
753 1701 830 1746 cum
845 1675 930 1747 Jove
945 1700 1068 1746 nomen
1084 1670 1197 1744 habet.

326 1782 447 1865 Sancta
464 1806 584 1861 vocant
600 1798 739 1883 angusta
758 1809 893 1890 patres:
909 1795 1052 1885 augusta
1068 1803 1230 1863 vocantur

323 1998 372 2032 eo:
389 2002 403 2027 κ
418 1980 579 2036 Adolescens
598 1994 637 2037 tot
651 1996 840 2055 tantarumque
889 1996 1069 2055 exspectatum
1079 2001 1183 2037 eausam
1196 1982 1283 2051 potius
1295 1998 1413 2033 memo·

324 2082 337 2108 ν
351 2061 496 2129 virtutum,
510 2074 575 2132 quot
584 2076 611 2117 et
623 2076 733 2133 quantas
745 2076 841 2119 natura
889 2081 948 2117 rare
966 2063 1049 2117 voluit
1063 2103 1071 2129 ,
1089 2082 1137 2115 cur
1149 2060 1232 2114 nullo
1245 2060 1411 2129 cognomine

324 2161 338 2185 »ι
352 2140 470 2193 mortalis
476 2141 569 2210 recipit
580 2142 636 2208 ,vel
645 2142 776 2196 industria
784 2162 842 2212 per·
890 2152 1000 2194 ornatus
1011 2142 1053 2194 sit.
1066 2141 1193 2193 Heinsius
1203 2156 1335 2207 seqaopue
1343 2156 1413 2190 ne-

325 2240 339 2263 »
352 2216 414 2271 ficit.
426 2240 439 2264 n
453 2218 514 2271 vid.
523 2221 580 2289 ejus
591 2220 770 2275 laudaretiam
782 2222 843 2274 Ho-
883 2222 932 2289 jor
942 2219 1066 2290 coniicit,
1086 2229 1116 2272 ut
1132 2228 1210 2289 poeta
1223 2215 1336 2269 Caesaris
1346 2214 1413 2269 cle-

265 2315 272 2323 ·
321 2296 843 2369 rat.1V,0d.4.JulinsCaesarcogno-
891 2301 1021 2353 mentium
1032 2298 1134 2353 occulte
1146 2306 1253 2368 tangat,
1269 2296 1414 2366 quavictis

324 2375 398 2428 mine
417 2376 490 2429 nullo
508 2376 647 2447 insignitus
665 2388 737 2441 eran
757 2378 842 2430 nihilo
890 2376 1009 2431 hostibus
1020 2376 1128 2445 ignovit.
1141 2377 1264 2445 lnquam
1273 2392 1332 2428 rem
1341 2372 1413 2427 illud

325 2466 415 2507 tamen
427 2456 516 2509 minus
525 2456 567 2509 hic
578 2457 636 2524 ejus
646 2457 787 2510 mentiosi!
798 2498 805 2522 ,
815 2468 842 2511 et
893 2455 948 2509 Cic.
957 2475 1006 2524 pro
1013 2456 1097 2510 Marc.
1107 2458 1136 2522 4,
1146 2454 1248 2508 laudari
1256 2464 1355 2524 potest,
1366 2456 1414 2506 ko

323 2534 352 2585 in
370 2534 512 2587 maximam
531 2536 588 2602 ejus
606 2534 720 2589 laudem.
734 2534 842 2589 Vicerat
890 2540 1157 2603 dr'emodr'etezpsam
1169 2540 1262 2588 oe’ce‘str'.
1270 2532 1413 2587 Teubner.

325 2610 398 2663 enim
416 2611 458 2665 ille
477 2622 569 2683 gentes
583 2630 698 2665 numero
715 2612 841 2666 infinitae.
890 2626 1000 2681 monet,
1013 2612 1143 2669 Ovidium
1153 2634 1202 2683 per
1214 2612 1355 2683 gradusiae
1365 2631 1414 2663 vo·

327 2690 382 2744 Cic.
395 2710 444 2761 pro
458 2692 542 2745 Marc.
557 2712 579 2743 a.
889 2692 1309 2762 luisse:Pompeiusl'uitma5nus,
1318 2689 1414 2745 Caesar

355 2770 414 2823 lior.
432 2770 465 2824 T.
479 2770 596 2824 Manlius
608 2772 778 2841 Torquatus,
795 2772 841 2839 qui
890 2774 976 2840 major
986 2790 1077 2825 rerum
1092 2781 1226 2841 gestarum
1239 2769 1339 2841 gloria,
1353 2770 1413 2824 Fa-

324 2866 366 2901 an.
384 2868 409 2901 u.
427 2870 448 2901 c.
467 2850 534 2921 392,
549 2848 581 2903 ad
600 2850 735 2903 Anienem
752 2849 840 2916 Galli,
891 2851 948 2903 bius
961 2856 1095 2902 maximus.

325 2948 405 2999 quem
420 2930 451 2984 ab
467 2949 500 2984 eo
518 2941 675 3001 provocatus
691 2930 839 2998 occiderat,
923 2930 982 2982 505.
996 2928 1047 2982 An.
1060 2948 1087 2980 u.
1100 2948 1122 2981 e.
1133 2931 1183 3000 499
1193 2967 1201 2994 ,
1213 2944 1297 2995 quum
1308 2924 1414 2979 fabius

322 3019 407 3077 torque
415 3008 547 3075 detracto,
561 3028 711 3080 cognomen
721 3009 839 3074 invenit,
891 3026 1000 3061 ornnem
1017 3007 1152 3061 sorensem
1169 3006 1274 3058 turbam
1291 3004 1319 3056 in
1334 3022 1413 3072 qua-

327 3086 382 3142 cte
401 3087 464 3151 111,
483 3086 540 3141 off.
557 3088 586 3141 31
600 3111 607 3151 ς
625 3088 681 3141 Liv.
696 3090 784 3155 Vlll,
802 3106 841 3140 ιο.
890 3098 952 3141 tuor
962 3086 1047 3139 tribus
1058 3084 1228 3152 conjecisset,
1239 3083 1413 3151 urbanasque

325 3164 364 3216 M.
378 3165 502 3218 Valerius
517 3164 667 3233 Corvinus,
682 3167 756 3219 Trib.
769 3166 842 3219 mili-
891 3182 935 3217 eas
945 3163 1136 3234 appellasset,«
1145 3160 1280 3215 adeoeam
1291 3178 1351 3213 rem
1362 3178 1414 3213 aek

322 3254 397 3309 tum,
411 3262 453 3296 an.
467 3260 493 3295 u.
504 3264 525 3297 c.
536 3245 601 3311 405,
615 3244 723 3297 Gallum
735 3245 842 3317 magni-
892 3250 1022 3311 »ceptam
1039 3242 1118 3310 gratia
1135 3240 1228 3293 animis
1247 3238 1358 3303 serunt,
1380 3250 1413 3291 ut

323 3323 417 3377 tudine
431 3333 458 3377 et
470 3324 549 3376 armis
563 3324 695 3395 insignem
711 3325 737 3376 in
754 3335 841 3378 certa-
892 3340 906 3366 s
919 3319 1031 3372 Mulmi
1040 3323 1212 3390 cognomen,
1227 3316 1298 3386 quod
1307 3318 1412 3370 totvic·

323 3402 527 3472 minesingulari
537 3403 640 3470 occidit,
651 3402 756 3471 adjutus
765 3421 780 3455 a
789 3422 841 3456 cor·
890 3420 905 3446 a
918 3399 992 3453 toriis
999 3418 1054 3452 non
1065 3408 1213 3469 pepererat,
1224 3398 1273 3451 hac
1278 3395 1412 3449 ordinum

322 3506 366 3547 νο,
384 3484 445 3554 qui,
459 3484 487 3536 in
500 3484 571 3555 galea
583 3486 640 3553 ejus
651 3483 763 3550 sedens,
777 3503 841 3553 quo·
892 3504 906 3529 a
919 3482 1111 3551 temperatione
1123 3489 1244 3549 pareret,
1254 3498 1269 3523 a
1281 3476 1337 3529 Liv.
1348 3476 1410 3543 lx,

323 3564 487 3633 tiescumque
496 3574 630 3617 certarnen
643 3564 738 3616 initum
749 3573 800 3628 est,
811 3580 841 3617 os
891 3562 940 3631 46,
953 3565 1105 3616 eren-Illa
1114 3562 1211 3621 domus,
1224 3558 1322 3612 mansit
1332 3557 1411 3609 enim

323 3644 465 3713 oculosque
478 3640 560 3696 hostis
572 3653 658 3697 rostro
670 3652 695 3696 et
709 3644 841 3711 unguibus
891 3643 914 3695 ei
928 3644 1001 3711 genti
1017 3641 1067 3695 hoc
1083 3660 1193 3693 nomen.
1209 3638 1246 3692 Et
1261 3636 1350 3689 omnis
1363 3635 1412 3689 illa

323 3723 445 3793 appetiit,
454 3720 539 3775 Lien
545 3722 587 3787 ll,
599 3724 638 3775 ali.
649 3720 701 3773 Cn.
711 3722 841 3790 Pompeio
889 3722 989 3775 familia
997 3720 1030 3773 de
1038 3720 1142 3774 civitate
1153 3720 1222 3772 bene
1234 3717 1348 3779 meruit;
1362 3716 1410 3781 ll,

325 3799 841 3871 Magm'cognomen'abassentationesa·
895 3796 1411 3873 195seqq.—Socri1maonreu.'l'aubner.

325 3882 421 3936 miliari
435 3883 572 3935 tributum.
587 3882 642 3933 Liv.
654 3880 842 3947 XXX‚45.-
890 3898 946 3932 non
967 3878 1098 3948 improbat
1117 3876 1229 3929 aliorum
1248 3894 1353 3936 nomeu,
1373 3874 1410 3927 ob

324 3962 432 4015 Nonne
443 3962 533 4029 major.
549 3980 676 4031 superans
688 3977 770 4012 omne
784 3977 840 4011 no-
889 3956 986 4010 factam
1004 3955 1168 4025 apotheosin.
1185 3954 1274 4007 Immo
1293 3952 1410 4006 hicnon

309 4092 310 4095 ,
324 4058 388 4092 men
401 4058 430 4091 ac
440 4040 535 4092 titulos.
549 4038 617 4092 Cod.
627 4040 688 4091 Urs.
700 4039 777 4091 Voss.
785 4038 842 4090 Zu·
891 4034 941 4086 nisi
957 4033 991 4086 de
1005 4038 1105 4086 nomine
1119 4050 1208 4087 sermo
1222 4040 1268 4085 est.
1279 4055 1314 4071 -
1325 4029 1411 4081 &no-

325 4118 385 4174 lich.
396 4117 495 4169 Maean
507 4118 638 4187 multique
647 4118 688 4170 alii
698 4110 842 4186 ,te-quoque
891 4122 919 4165 ta
928 4123 976 4165 etc„
987 4112 1086 4165 Glossoe
1095 4109 1249 4175 Philoxeni,
1262 4110 1405 4176 Augustas,

325 4198 415 4266 major.
432 4196 499 4250 Eam
512 4198 673 4251 sententiam
688 4216 750 4249 sane
764 4197 841 4267 qnis-
893 4196 964 4269 lepis,
976 4203 1088 4244 sanctas.
1107 4186 1276 4259 Quibusdam
1287 4204 1409 4239 nensen-

314 4292 377 4343 ·que
394 4285 539 4344 exspectan
556 4273 602 4329 scd
620 4273 732 4329 Ovidius
744 4281 842 4343 preter
891 4271 961 4325 tibus
970 4269 1149 4325 Octavianum
1161 4266 1310 4327 Romulum
1320 4263 1409 4335 appel-
