3025 5009
306 411 375 504 496
701 411 991 480 excursus

305 573 407 644 sunt,
436 554 586 656 quedam
611 551 775 630 illustrata
799 552 952 645 luerint,
980 582 1057 655 spes
1082 556 1165 630 mibi
1188 576 1241 632 est
1260 558 1379 658 jucun·

304 671 448 746 dissima.

353 787 504 886 Quaestio
523 787 636 862 statim
653 787 688 860 in
706 785 818 862 limine
840 788 1000 862 movenda
1021 789 1142 864 merito
1157 790 1194 864 in
1210 819 1251 866 eo
1269 820 1379 868 versa-

304 921 377 992 tur,
396 903 486 978 unde
501 902 625 978 sactum
641 903 706 992 sit,
726 922 764 977 ut
781 903 886 1006 mythi
905 904 1024 980 veteris
1038 905 1160 996 ltaliae,
1178 907 1207 981 si
1225 908 1283 1009 qui
1300 909 1379 984 buic

304 1037 397 1094 terrae
413 1017 543 1120 proprii
564 1017 676 1108 suere,
700 1017 736 1092 in
752 1018 883 1120 populo
905 1037 957 1093 tot
979 1016 1180 1121 scriptorum
1202 1020 1299 1096 laude
1314 1023 1379 1098 llo-

302 1151 396 1208 rente
422 1133 504 1208 adeo
525 1161 643 1234 parum
667 1133 845 1235 propagati
870 1135 963 1220 sint,
986 1149 1026 1208 ut
1042 1133 1096 1208 vix
1117 1133 1208 1210 ullus
1225 1137 1377 1234 integer,

302 1251 422 1352 reliqui
441 1251 508 1323 sere
526 1279 641 1324 omnes
661 1278 735 1324 cum
759 1250 872 1346 grecis
893 1249 1017 1325 sabulis
1041 1251 1169 1325 conlusi
1187 1255 1377 1354 supersint,

302 1363 437 1468 plurimi
461 1362 657 1438 interierint.
684 1367 735 1437 Er
760 1362 830 1439 sola
855 1364 944 1440 enim
968 1365 1154 1441 accessione
1179 1366 1377 1464 religionum

304 1509 498 1578 gracarum
512 1509 601 1582 quae,
612 1510 716 1582 quum
725 1481 932 1582 frequentior
940 1483 1147 1557 consuetudo
1154 1483 1242 1558 inter
1252 1503 1378 1559 utrum·

304 1627 369 1702 que
378 1596 542 1701 populum
552 1596 754 1672 intercedere
768 1598 889 1700 coepit,
906 1599 1048 1674 Romam
1060 1598 1174 1674 delatae
1186 1618 1280 1688 sunt,
1293 1631 1379 1675 uon-

302 1720 383 1794 dnm
401 1716 528 1820 patrios
542 1715 675 1816 mythos
690 1734 876 1791 summotos
898 1745 969 1791 esse
995 1734 1029 1790 et
1050 1716 1228 1791 decessisse
1244 1746 1376 1794 necesse

302 1854 363 1911 est.
383 1833 555 1936 lleynius‚
578 1832 644 1909 Vir
663 1829 715 1906 lll.
733 1829 756 1905 l.
776 1863 805 1906 c.
824 1833 866 1907 ad
882 1861 1021 1934 pravum
1037 1832 1122 1909 illud
1144 1835 1374 1910 Romanorum

301 1953 468 2041 studium,
495 1978 608 2027 omnes
630 1979 684 2026 res
704 1979 780 2026 suas
802 1950 1006 2051 antiquiores
1024 1950 1172 2052 adeoque
1189 1951 1324 2052 mythos
1342 1971 1375 2027 et

301 2069 480 2165 religiones
501 2068 545 2142 ab
569 2068 758 2168 antiquiore
783 2067 896 2169 aliquo
917 2067 1048 2170 populo
1063 2097 1142 2149 uc.
1162 2068 1319 2168 Troianis
1341 2089 1375 2143 et

221 2187 229 2208 ¹
305 2182 428 2256 Graecis
445 2181 631 2281 repetendi,
650 2180 735 2254 hanc
747 2209 816 2255 rem
830 2181 940 2256 refert
954 2181 1059 2257 Aliud
1070 2181 1152 2257 mibi
1169 2201 1375 2258 momentum

300 2297 362 2372 bac
377 2296 413 2368 in
427 2323 524 2370 causa
538 2296 675 2396 iusuper
689 2295 943 2397 ponderandum
952 2296 1093 2370 videtur.
1104 2295 1269 2374 Videmus
1284 2297 1373 2371 euim

300 2411 447 2514 populos
464 2413 622 2515 antiquos
640 2413 673 2487 in
692 2413 809 2514 primis
827 2413 963 2489 culture
980 2412 1140 2511 gradibus
1156 2430 1324 2488 versantes
1341 2430 1375 2486 et

298 2545 376 2601 ante
394 2527 473 2602 artis
491 2527 673 2630 scriptoria
690 2527 742 2601 rel
762 2526 907 2628 plastice
928 2528 1022 2602 initia
1040 2526 1083 2602 ad
1099 2526 1230 2600 fabulas
1247 2544 1281 2601 et
1297 2525 1374 2601 reli-

298 2642 414 2741 giones
436 2671 512 2720 suas
534 2643 768 2745 propagandas
788 2661 823 2718 et
844 2644 1035 2746 posteritati
1058 2641 1234 2718 tradendas
1257 2641 1374 2716 carmi-

298 2764 424 2851 nibus,
449 2791 522 2864 quae
537 2791 554 2835 a
573 2763 688 2838 bardis
706 2763 775 2837 suis
792 2762 975 2864 composita
992 2762 1208 2864 omniumque
1229 2791 1287 2838 ore
1307 2762 1374 2836 sre-

299 2893 456 2978 quentata
473 2893 589 2964 erant,
610 2876 653 2951 ad
670 2905 776 2950 unum
794 2876 866 2970 lere·
879 2905 994 2951 omnes
1012 2906 1092 2951 usos
1113 2905 1194 2950 esse.
1216 2876 1374 2950 llabuere

296 2989 460 3090 ejusmodi
484 2990 630 3064 carmina
663 2990 793 3078 Greci,
821 2991 987 3079 Romani,
1016 2989 1193 3078 Germani,
1227 2991 1371 3065 Hebraei.

297 3105 383 3201 Quae
395 3105 423 3178 si
437 3103 556 3200 igitur,
570 3101 622 3178 rel
637 3103 682 3177 ob
694 3102 877 3178 naturalem
892 3131 1010 3178 eorum
1026 3103 1266 3206 prestantium,
1283 3105 1374 3178 utin

295 3218 409 3313 graecis
426 3211 629 3292 carminibus
646 3216 926 3305 Homeridarum,
950 3217 1001 3290 vel
1018 3246 1095 3293 casu
1114 3217 1228 3320 aliquo
1244 3237 1370 3293 serrata

295 3354 394 3424 sunt,
411 3354 537 3412 veteres
553 3335 618 3410 illae
634 3334 714 3408 ideae
730 3352 765 3408 et
778 3334 899 3409 l'abnlae
914 3334 1014 3434 hujus
1030 3334 1151 3436 populi
1166 3365 1242 3410 cum
1255 3335 1298 3410 iis
1308 3363 1371 3437 po-

294 3450 435 3525 steritati
453 3446 580 3522 traditae
596 3465 630 3522 et
645 3447 740 3548 quasi
758 3447 890 3522 sancitu
906 3467 1003 3538 suut;
1023 3449 1223 3522 econtrario
1237 3477 1313 3523 cum
1328 3451 1370 3524 iis

276 3568 443 3671 -plurimae
461 3567 569 3664 gentis
585 3564 705 3640 fabula
722 3565 867 3666 periere,
890 3584 924 3640 et
945 3567 1080 3643 unicum
1103 3587 1182 3643 tunc
1204 3568 1371 3642 memoria

293 3712 398 3781 genus
414 3711 563 3758 mansere
580 3682 666 3756 ritus
683 3682 768 3754 sacri
784 3682 819 3754 in
839 3684 1031 3756 memoriam
1044 3685 1193 3756 Deorum
1209 3683 1367 3757 instituti.

291 3806 343 3878 lta
359 3803 446 3878 inter
464 3805 635 3876 Romanos
653 3800 779 3873 lactum
795 3827 866 3874 esse
881 3801 1037 3875 arbitror.
1057 3802 1168 3876 Rudia
1185 3803 1264 3890 illa,
1294 3833 1370 3903 quae

186 3979 190 3990 .
290 3919 426 3995 Latium
441 3937 474 3994 et
487 3921 597 3992 Roma
612 3915 778 4007 habuere,
793 3919 899 4018 patria
917 3921 1061 3993 carmina
1079 3927 1108 4008 ¹,
1126 3922 1208 3993 citra
1225 3921 1368 3996 dubium

325 4111 333 4142 ¹
353 4109 492 4178 Ejusmodi
504 4109 581 4162 luere
594 4108 805 4170 Salurnrt'oersrs
854 4125 881 4176 1,
900 4111 963 4176 158,
979 4119 1006 4163 et
1019 4109 1123 4162 Ennius
1135 4109 1204 4180 apud
1219 4107 1275 4164 cte.
1290 4111 1365 4165 Brut.

289 4199 377 4246 metro
384 4188 707 4253 rudietiuconditmllor.
717 4207 757 4258 ep.
765 4187 803 4256 ll,
856 4187 902 4252 18;
915 4189 1156 4252 commoratum,
1168 4199 1272 4258 postea,
1281 4209 1367 4258 quum
