3025 5009
462 441 969 520 murmuramus.
1185 407 1251 508 5'05

178 587 287 686 gentis
303 605 471 664 auctorem
485 604 592 662 vocat.
611 584 808 662 -Romani
824 581 1058 686 etymologiam
1074 581 1176 681 hujus
1191 611 1254 656 no-

178 701 277 776 minis
291 700 437 803 proprii,
455 700 626 803 quodlere
639 728 714 776 cum
725 702 822 776 Anco
838 700 998 799 (noluine
1014 698 1093 772 item
1107 697 1255 794 sabino)

179 819 353 893 convenire
365 817 505 906 videtur,
517 847 537 892 a
548 815 714 892 sanciendo
728 832 930 918 quaerentes,
944 813 1022 888 intle
1032 841 1106 888 euru
1115 814 1253 902 lovem,

176 932 429 1010 sanciendorum
454 933 617 1012 soederum
637 933 838 1035 praesidem,
863 931 1190 1034 interpretabantur,
1220 946 1255 1004 et
1320 999 1326 1010 ,

175 1047 299 1124 loedcra
311 1049 342 1124 ei
356 1078 447 1126 sacra
463 1049 638 1149 putabant.
657 1049 798 1150 Dionys.
817 1049 880 1138 lv,
897 1075 969 1147 cap.
985 1063 1094 1132 tvttt,
1107 1074 1142 1147 p.
1161 1043 1253 1146 2573

175 1163 242 1252 lX,
256 1191 290 1264 p.
305 1161 374 1264 617
396 1168 449 1259 (ἐν
466 1171 533 1263 ἱερῷ
544 1172 617 1248 Διὸς
628 1173 736 1248 [lte-lou
753 1170 786 1238 ὃν
803 1154 935 1260 Ῥωμαῖοι
948 1171 1081 1258 Σάγκτον
1094 1162 1253 1254 καλοῦσι).

175 1277 261 1352 Post
286 1307 357 1354 eam
382 1280 687 1382 interpretationem
716 1281 849 1357 demum
878 1280 932 1355 (lei
961 1278 1075 1368 lidii,
1102 1277 1254 1353 lidionis

173 1419 297 1470 nomen
314 1393 344 1470 ei
362 1395 505 1472 inditum
522 1397 674 1490 videtur,
690 1420 725 1476 et
741 1427 781 1474 ex
800 1429 841 1474 eo
859 1416 932 1474 orta
945 1394 1160 1472 commutatio
1177 1422 1254 1470 cum

175 1510 345 1602 Hercule,
373 1542 473 1614 quem
499 1515 536 1588 in
559 1515 776 1615 jurejurando
803 1514 884 1591 alias
910 1515 1064 1588 invocare
1090 1510 1252 1586 solebant.

173 1629 456 1731 Frequentissima
465 1631 617 1706 omnium
625 1630 694 1706 ltoec
701 1629 938 1720 commutatio,
948 1647 984 1704 et
993 1631 1119 1704 Sancus
1129 1626 1255 1728 passim

174 1745 309 1818 nonnisi
322 1773 509 1840 cognomen
525 1746 680 1822 Herculis
693 1745 892 1849 putabatur3
914 1743 1006 1846 quod
1016 1745 1170 1843 Propert
1185 1743 1253 1829 lV,

174 1877 233 1950 lx,
254 1860 318 1961 74,
337 1861 380 1934 ab
399 1861 481 1937 orbe
495 1879 655 1938 terrarum
672 1864 827 1938 manibus
845 1861 916 1937 suis
932 1859 1128 1946 sanciendo,
1139 1857 1173 1930 id
1187 1875 1254 1946 est,

174 1976 370 2078 purgando,
385 1976 520 2054 derivat.
535 1981 586 2080 (l)
597 1981 701 2056 Aliud
711 2009 896 2076 cognomen
908 1978 1016 2063 tiemo,
1027 1978 1137 2051 Sanco
1152 1975 1255 2072 vulgo

175 2091 337 2182 inditum,
358 2095 449 2196 quod
463 2096 648 2174 semihomo
667 2096 855 2198 explicent,
873 2096 985 2172 neseio
1003 2094 1155 2196 quojure
1168 2093 1257 2166 lato-

177 2238 242 2310 que
257 2211 294 2284 in
310 2211 407 2287 libris
423 2214 654 2314 antiquitatem
668 2214 931 2315 explicantibus,
945 2213 987 2288 ael
1002 2241 1119 2286 omnes
1135 2211 1256 2285 heroas

176 2343 211 2400 et
227 2324 389 2401 semideos
406 2327 558 2416 transiit;
576 2356 668 2429 eque
683 2329 873 2404 mirandum
891 2358 943 2403 me
957 2329 1082 2429 judice,
1100 2355 1139 2401 ac
1156 2327 1186 2400 si
1203 2325 1257 2399 ‹li-

175 2442 337 2518 visiouem
360 2441 451 2518 illam
476 2445 513 2518 in
537 2444 617 2519 ‹leos
639 2443 805 2542 majorum
834 2462 867 2518 et
890 2446 1059 2520 minorum
1085 2441 1254 2539 gentium,

175 2589 276 2661 quam
293 2558 361 2635 sere
375 2559 488 2659 jocose
513 2559 582 2634 Cic.
606 2561 708 2635 Tusc.
724 2562 765 2646 l,
794 2557 858 2647 13,
884 2587 903 2632 a
919 2577 1038 2634 senatu
1054 2586 1195 2632 romano
1210 2557 1256 2630 ad

177 2674 260 2750 deos
277 2673 435 2750 transfert
458 2673 571 2773 (alibi
592 2675 690 2750 etiam
708 2675 750 2750 ad
768 2672 926 2764 Stoicos,
951 2674 1053 2749 Aead.
1072 2677 1136 2763 lv,
1155 2675 1199 2768 [μ
1219 2674 1256 2773 ),

174 2809 345 2893 tamquam
371 2791 491 2894 priscis
519 2790 699 2868 solemnem
728 2789 885 2864 inlibris
911 2787 1146 2891 mythologicia
1168 2790 1256 2865 serio

175 2904 328 3010 adoptari
343 2906 513 2996 videmus3
531 2935 635 3008 quum
647 2908 797 2995 Stoicos,
813 2907 850 2980 iu
864 2935 951 3008 quos
965 2905 1113 2982 eamdem
1125 2905 1258 2980 divisio

175 3053 253 3100 nem
272 3023 450 3114 transfert,
475 3025 511 3098 in
534 3026 696 3126 majorum
718 3044 753 3102 et
770 3025 939 3100 minorum
957 3025 1108 3120 gentium
1124 3024 1257 3100 Stoicos

177 3143 266 3218 serio
284 3142 431 3218 (lividere
448 3171 517 3217 nou
534 3144 629 3218 facile
648 3144 702 3218 eui
719 3144 755 3218 in
771 3161 918 3219 mentem
933 3143 1052 3218 veniat.
1076 3141 1169 3218 eiua
1193 3143 1259 3217 du·

176 3261 274 3335 bium
292 3259 336 3334 alt
353 3259 493 3362 antiqua
506 3262 687 3362 scriptura,
702 3259 753 3335 vel
767 3289 786 3334 e
802 3260 912 3336 Fastis
924 3261 1033 3335 Prun.
1049 3277 1129 3335 uota
1146 3259 1259 3361 (ipro

176 3407 216 3465 e,
232 3377 346 3456 Vinim'
360 3406 423 3479 pro
435 3381 592 3472 Venere)
608 3377 796 3479 profectum
810 3394 880 3467 est,
896 3377 931 3452 si
941 3376 1186 3468 Tertullianus,
1200 3376 1260 3478 qui

176 3495 316 3582 Stiuoui,
337 3494 413 3570 Deo
429 3495 546 3572 &octo
563 3493 689 3599 templo
708 3496 908 3599 inscriptum
922 3494 1072 3595 legeret,
1090 3497 1260 3571 Simonem

176 3637 310 3704 magum
337 3611 441 3706 (Act.
464 3611 571 3700 ¹Vlll,
598 3610 676 3713 18)
699 3614 817 3688 Rornae
836 3611 965 3690 cultum
981 3613 1047 3688 sibi
1076 3612 1261 3715 deprehen*

178 3722 473 3811 dissevidebatur3
494 3723 568 3798 vide
581 3728 687 3826 Neap.
706 3726 749 3801 ad
768 3730 839 3818 Vl,
857 3728 942 3803 213.

226 3836 280 3910 At
297 3835 449 3911 eumdem
463 3836 627 3939 populum
641 3839 789 3940 pertinet
803 3841 865 3918 elea
877 3843 1029 3944 quaedam
1044 3841 1179 3932 bellica,
1194 3871 1259 3944 pro

177 3981 281 4030 uxore
291 3951 413 4027 Martis
431 3953 479 4027 ibi
495 3952 627 4041 habita,
643 3955 802 4043 Nen'eue,
819 3959 946 4048 Nerio,
961 3959 1063 4036 Nerio
1080 3959 1144 4058 (ut
1152 3961 1260 4052 Anio,

177 4068 320 4168 Anien)
347 4096 448 4170 quarn
467 4069 566 4146 docta
587 4069 814 4172 disputatione
837 4101 878 4148 ex
893 4076 1019 4166 Ennii,
1036 4075 1160 4152 Licinii
1178 4075 1261 4152 alio·

176 4212 317 4285 rumque
339 4181 422 4261 loeis
437 4184 583 4262 vindicat
603 4185 904 4278 Gell.x111‚22;
927 4188 967 4265 el.
988 4220 1074 4268 vers.
1092 4191 1260 4270 Varronis
