3025 5009
303 440 385 528 !an
598 445 637 511 P.
662 443 843 514 OVIDII
866 443 1099 512 NASONIS

365 585 412 657 Et
426 583 559 679 gemino
576 563 678 658 nexas
692 584 840 686 porrigit
857 613 964 680 angue
980 614 1108 659 manus

318 699 428 775 Notus
447 727 541 771 arnor
558 698 721 789 Phaedra,
738 717 821 773 nota
838 717 889 775 est
905 700 1027 800 injuria
1044 699 1185 775 Thesei:

321 837 322 842 ’
369 817 514 889 Devovit
530 834 646 890 natum
663 817 821 892 credulus
834 815 890 891 ille
909 845 1017 890 suum.

317 933 395 1006 Non
411 933 548 1033 impune
567 935 644 1034 pius
658 933 789 1032 juvenis
804 937 964 1009 Troezena
980 935 1135 1036 petebat:

367 1048 497 1123 Dividit
515 1050 688 1127 obstantes
704 1069 840 1152 pectore
857 1069 973 1125 taurus
990 1079 1104 1152 aquas.

318 1166 460 1243 Solliciti
479 1183 644 1242 terrentur
659 1169 755 1270 equi;
773 1168 962 1269 frustraque
979 1168 1121 1256 retenti,

367 1285 605 1386 Perscopulos
625 1283 800 1360 dominum
816 1283 966 1385 duraque
983 1312 1060 1358 saxa
1078 1281 1224 1357 trahunt.

317 1400 495 1475 Exciderat
512 1430 633 1488 curru,
652 1400 801 1502 lorisque
818 1401 1029 1476 morantibus
1046 1419 1139 1476 artus

368 1514 579 1618 Hippolytus
596 1514 702 1590 lacero
721 1544 862 1617 corpore
879 1533 995 1617 raptus
1011 1532 1101 1601 erat3

319 1629 548 1734 Edideratque
564 1633 725 1721 animam,
744 1630 888 1706 multum
903 1631 1099 1728 indignante
1114 1631 1233 1705 Diana.
1347 1668 1361 1687 r

368 1745 490 1837 Nulla,
510 1748 714 1838 Coronides,
734 1777 833 1822 causa
848 1746 994 1834 doloris,
1016 1747 1080 1820 ait:

316 1865 471 1964 Namque
487 1864 547 1965 pio
563 1866 677 1965 juveni
691 1865 792 1938 vitam
809 1865 880 1939 sine
897 1862 1035 1938 vulnere
1051 1861 1206 1949 reddam

366 1987 413 2058 Et
432 1983 549 2060 cedent
564 1983 628 2058 arti
647 1983 754 2058 tristia
770 1983 839 2057 sata
854 2009 943 2056 meae.

321 2100 480 2174 Gramina
496 2100 657 2174 continuo
676 2097 805 2173 loculis'
813 2097 983 2201 depromit
1000 2098 1158 2172 eburnis:

366 2217 567 2292 Profuerant
586 2215 703 2289 Glauci
722 2216 884 2290 Manibus
900 2215 958 2289 illa
972 2213 1089 2316 prius:
1348 2236 1396 2308 750

318 2336 437 2422 Tunc,
455 2361 561 2434 quum
577 2332 769 2406 observatas
786 2360 894 2428 augur
910 2329 1081 2404 descendit
1096 2330 1131 2402 in
1148 2328 1286 2419 herbaS,

317 2487 423 2543 adflavit
436 2487 538 2553 nentis,
553 2507 568 2534 »
580 2486 653 2542 unde
671 2507 749 2542 causa
763 2486 832 2541 illius
881 2485 985 2540 nendos
996 2503 1042 2541 eos
1053 2485 1155 2555 putarit
1165 2485 1246 2538 etiarn
1254 2484 1396 2546 Mitselrer-

316 2567 456 2623 locutionis
473 2577 587 2637 apparet.
880 2560 988 2627 belrius,
1000 2581 1081 2616 uncos
1088 2562 1161 2616 enirn
1168 2562 1287 2628 sustulit,
1302 2562 1395 2634 quibus

352 2647 407 2716 737.
415 2644 457 2698 De
466 2645 614 2718 Hippolyto
622 2643 682 2697 ride
692 2645 751 2712 ΙΙΙ,
764 2645 830 2709 265;
880 2641 973 2696 inclusi
981 2642 1098 2695 erantab
1106 2642 1227 2696 Heinsio.
1234 2643 1343 2696 Primus
1352 2662 1396 2697 eus

317 2723 370 2778 XV
382 2723 493 2777 Metam.
506 2726 552 2796 497
570 2725 768 2794 sqq-Piloedru
779 2742 838 2775 no-.
879 2719 979 2790 recepit
987 2718 1135 2790 Naugerius
1145 2720 1174 2773 in
1186 2730 1321 2791 postrema
1333 2721 1397 2776 edit.

315 2819 409 2868 verca,
422 2819 506 2870 quum
518 2819 574 2853 non
589 2809 676 2870 posset
691 2800 832 2872 Hippoly-
880 2821 912 2856 ex
923 2820 973 2855 suo
982 2800 1040 2854 cod.
1048 2801 1159 2857 Exstant
1171 2801 1251 2856 etiam
1263 2802 1292 2854 in
1302 2802 1395 2856 Ursini

317 2888 376 2932 turn
388 2877 421 2932 ad
436 2878 602 2932 voluntatem
612 2897 686 2932 suarn
699 2878 830 2949 perduce-
881 2887 908 2930 et
916 2876 1020 2931 duobus
1027 2878 1206 2932 Fatum-Pro
1213 2879 1396 2933 &maturit-

318 2977 361 3032 re,
375 2957 467 3010 incesti
485 2958 567 3029 stupri
586 2976 649 3011 euru
663 2957 830 3014 insimulavit.
879 2957 900 3011 ti
910 2958 967 3012 oud.
979 2963 1123 3023 turbantur,
1137 2969 1168 3012 ut
1179 2959 1231 3014 XV
1241 2959 1310 3014 Met.
1322 2963 1378 3029 5172

321 3039 435 3092 Theseus
444 3050 518 3108 pater
528 3037 650 3092 credulus
658 3039 831 3092 innocentem
912 3037 1394 3108 745.l)iurraiuprimisiudignabatur,

317 3119 402 3172 filium
418 3120 446 3172 in
465 3119 583 3173 exsilium
597 3119 698 3189 abegit,
721 3119 831 3189 Neptu·
880 3135 961 3186 quam
970 3116 1131 3189 Hippolytus
1142 3126 1170 3170 et
1178 3115 1267 3171 studio
1278 3119 1396 3172 venandi

318 3216 438 3266 numque
451 3199 550 3266 oravit,
569 3209 599 3252 ut
617 3217 678 3252 euru
695 3197 832 3252 interfice-
881 3204 909 3247 et
919 3193 1068 3265 virginitate
1082 3195 1207 3250 coluerat.
1220 3196 1313 3266 ltaque
1325 3195 1394 3268 apud

318 3288 367 3329 ret.
389 3281 454 3330 Pius
476 3278 579 3345 juvenis
600 3297 684 3347 quum
711 3279 832 3332 Tru-zerra
881 3275 1036 3347 Hyginum,
1049 3275 1256 3344 [ab.251,etiam
1264 3280 1395 3332 wluuiaie

317 3364 434 3426 peteret,
453 3355 497 3408 ubi
517 3355 654 3423 Pittheus,
671 3355 739 3426 apud
750 3374 832 3426 quern
880 3356 976 3407 Diana
992 3355 1021 3407 in
1041 3354 1122 3408 vitam
1139 3353 1216 3408 redit.
1226 3382 1260 3394 -
1270 3357 1397 3409 Edrderui

318 3431 444 3486 educatus
455 3441 521 3499 erat,
531 3434 667 3502 regnabat,
676 3434 704 3486 in
712 3433 772 3488 sinu
782 3434 833 3487 Sa·
882 3435 1076 3489 Burmannuse
1086 3434 1250 3488 Francosurt.
1262 3437 1392 3506 praetulit,

317 3511 409 3564 ronieo
430 3509 526 3563 fluctus
544 3509 706 3566 decumanus
720 3521 830 3575 iaururrr,
882 3516 1192 3585 quiarcddurrrsequitur;
1205 3513 1393 3571 Mitscberlieb.

317 3600 469 3644 monstrum
482 3590 613 3656 immane,
626 3589 767 3659 protrusit,
780 3610 833 3660 qun
881 3593 1013 3648 revocarit
1022 3595 1180 3655 reddiderat,
1194 3591 1265 3660 quod
1276 3612 1342 3647 saue
1354 3613 1395 3648 re·

318 3671 374 3724 viso
382 3669 542 3724 consternati
549 3669 694 3738 suntequi,
705 3669 832 3738 aurigam·
881 3671 947 3741 liqui
958 3691 1052 3725 omnes
1067 3681 1183 3725 tuentur.
1194 3699 1227 3711 -
1239 3672 1388 3735 Coronides,

319 3772 369 3823 que
383 3771 463 3805 suum
482 3769 562 3804 curru
579 3769 716 3804 excussum
734 3769 832 3820 rapue-
882 3748 1063 3819 AEseulapius,
1080 3749 1209 3820 Apollinis
1223 3759 1252 3802 et
1262 3753 1394 3804 Coronidis

317 3841 382 3883 runt
392 3870 399 3897 ,
411 3830 532 3900 raptique
545 3827 665 3883 membra
681 3826 748 3885 stede
764 3829 833 3883 lace·
882 3825 965 3890 filiun
977 3827 1005 3881 ll
1014 3827 1126 3881 Metam.
1138 3829 1184 3880 531
1196 3868 1204 3894 ,
1217 3827 1267 3880 626
1278 3848 1335 3898 sqq.

318 3913 833 3978 narone-VersusNonirrrpune...aquus
916 3910 1042 3977 751-752.
1061 3907 1122 3975 Hoc
1138 3925 1244 3976 quoque
1262 3906 1393 3962 distichon

320 3989 413 4043 Heius.
422 3988 832 4059 spuriosjudicat,respuitetiarn
882 3983 1010 4038 Heinsius
1023 3983 1167 4039 delendum
1180 3986 1320 4054 censebat,
1333 3987 1393 4056 quia

320 4066 497 4120 Taubnerus:
516 4065 563 4120 sed
580 4066 707 4120 Heinsius
719 4067 747 4119 in
760 4065 838 4141 Opp.¹
880 4084 972 4118 sensus
987 4063 1049 4118 inde
1067 4064 1224 4118 commodus
1237 4084 1293 4118 nou
1308 4076 1393 4136 posset

319 4165 377 4214 pag.
392 4147 456 4212 238,
469 4145 601 4209 defendit,
613 4147 675 4215 quia
693 4145 723 4198 iis
740 4145 833 4200 deletis
881 4145 938 4199 elici
949 4167 955 4208 ;
967 4145 1052 4200 immo
1060 4156 1147 4215 potest
1158 4165 1164 4198 :
1176 4149 1293 4199 Glaucus
1302 4146 1391 4211 enim,

240 4253 241 4256 =
320 4222 399 4278 nimis
413 4224 524 4294 abrupta
535 4223 604 4281 soret
618 4223 741 4284 narratio.
754 4224 833 4280 Reti·
881 4223 983 4278 Minois
992 4223 1078 4294 filius,
1091 4223 1231 4278 indolium
1243 4224 1323 4278 melle
1336 4224 1392 4294 ple-
