3025 5009
422 434 721 503 FASTORUM
748 436 847 504 LIB·
874 437 927 505 II.
1154 463 1210 505 ιιι

137 577 236 649 Forte
255 602 370 649 eomes
387 573 531 659 dominae
544 575 676 674 juvenis
691 573 889 675 Tirynthius
901 574 994 651 ibat:
1166 602 1217 654 305

188 691 283 769 Vidit
299 691 342 766 ab
361 690 491 766 excelso
508 694 645 767 Faunus
660 708 841 791 utrumque
858 691 950 791 jugo.
997 754 1001 765 ,

141 808 254 896 Vidit,
273 826 308 883 et
321 806 479 898 incaluit,
498 810 729 909 Montanaque
744 808 901 896 numina,
921 807 1025 897 dixit,

189 923 246 998 Nil
263 926 346 999 mihi
364 924 541 999 vobiscum
558 942 611 1000 est
625 953 634 999 t
650 924 720 999 bac
737 953 832 1000 rneus
848 924 950 1001 ardor
966 925 1039 999 erit.

140 1040 216 1116 lbat
230 1041 378 1117 odoratis
394 1042 555 1119 humeros
571 1042 706 1143 perfusa
722 1039 853 1142 capillis

188 1162 350 1250 Maeonis,
365 1179 484 1243 ,aurato
504 1158 741 1262 conspicienda
758 1159 846 1235 sinu.

140 1279 250 1353 Aurea
266 1276 436 1378 pellebant
451 1275 589 1379 rapidos
607 1275 803 1353 umbracula
817 1275 926 1363 soles;

189 1394 276 1491 Qun
293 1412 401 1468 tamen
419 1394 592 1471 Herculeae
609 1394 798 1469 sustinuere
814 1386 943 1469 manus.

138 1510 281 1611 Jamque
296 1539 415 1587 nemus
430 1512 575 1600 Bacchi,
590 1509 703 1587 Tmoli
718 1512 849 1601 vineta,
868 1511 1024 1600 tenebat3

189 1627 361 1728 Hesperus
379 1646 413 1702 et
427 1627 523 1703 lusco
540 1628 693 1704 roscidus
710 1629 783 1703 ibat
800 1657 899 1731 equo.

136 1792 333 1862 prs'npositurn
349 1792 487 1847 alibrario.
504 1792 582 1847 Etita
589 1792 653 1846 olim
701 1791 803 1858 bullus,
818 1792 846 1859 l,
859 1808 895 1858 1,
907 1790 1112 1855 tn-Amns,
1122 1794 1164 1847 cui
1173 1812 1222 1847 au-

140 1881 167 1924 et
180 1872 308 1927 Heinsius
322 1874 489 1943 conjecerat,
502 1872 543 1927 vel
557 1878 654 1942 prisca.
703 1892 748 1926 rea
762 1872 806 1926 fila
817 1872 859 1925 vel
872 1891 934 1939 acu,
946 1873 988 1926 vel
1000 1873 1115 1928 texendo
1125 1874 1221 1931 addita.

139 1952 297 2003 -Hercnles
305 1952 345 2005 vel
354 1952 389 2005 ob
397 1952 516 2023 lpbitum
528 1952 653 2019 occisum,
704 1952 775 2005 Vide
789 1950 822 2005 ad
834 1970 940 2006 versum
958 1953 1014 2026 319

139 2028 375 2099 velobtripodem
391 2029 424 2083 de
447 2030 576 2099 Apollinis
592 2030 655 2083 sano
756 2034 814 2087 311.
847 2033 879 2085 ln
902 2034 1086 2088 instrumentis
1113 2034 1223 2090 luxuriae

140 2106 284 2175 sublatum,
296 2108 455 2163 alslercurio
468 2107 656 2178 Omphalsere·
705 2122 782 2165 erant
793 2114 954 2166 umbracula.
967 2114 1078 2180 σκιάδια,
1089 2114 1146 2167 vela
1157 2135 1222 2169 auro

80 2236 84 2244 .
140 2186 245 2255 ginesio
258 2188 413 2241 servitutem
425 2200 463 2241 est
476 2188 559 2242 datus.
578 2188 656 2241 Plre-
705 2198 785 2254 terta,
798 2188 892 2258 quibus
900 2208 950 2259 ope
956 2190 1090 2261 virgarum
1098 2193 1221 2260 obtentis,

140 2264 230 2337 recyd.
244 2266 314 2335 apud
328 2266 415 2321 Schol.
424 2266 507 2320 Hom.
520 2266 552 2319 ad
563 2265 617 2320 Od.
628 2278 654 2333 t,
706 2278 783 2320 ustus
795 2266 856 2321 solis
864 2266 1008 2321 arcebatur.
1019 2269 1076 2321 Art.
1084 2270 1173 2324 Amat.
1183 2271 1221 2338 ll,

141 2346 192 2409 23;
206 2346 308 2418 Hygin.
319 2346 370 2401 sab.
384 2346 424 2400 32.
435 2376 468 2387 -
481 2349 602 2410 Comites,
614 2347 655 2399 la·
705 2364 757 2417 209
768 2364 775 2399 z
787 2368 800 2392 κ
813 2346 873 2415 lpse
884 2356 945 2399 tene
959 2345 1071 2400 distenta
1085 2349 1138 2401 suis
1155 2369 1222 2402 usn-

140 2423 223 2491 muli,
235 2424 350 2479 ministri
358 2436 388 2479 ut
397 2446 432 2479 rs.
442 2425 500 2491 333,
512 2425 557 2479 ubi
566 2436 655 2478 tamen
706 2444 721 2471 s
734 2422 841 2477 bracula
852 2424 945 2494 virgis,
957 2444 971 2470 s
985 2425 1045 2494 quia
1054 2424 1220 2496 plerumque,

140 2502 272 2557 Hercules
282 2505 315 2558 ab
328 2504 358 2559 iis
369 2504 553 2576 distinguitur,
564 2515 592 2558 et
603 2508 656 2557 do·
705 2506 864 2571 utstabella,
877 2502 909 2555 ab
923 2502 1051 2557 eunuchis
1065 2516 1109 2557 aut
1119 2505 1224 2560 famulis

138 2585 217 2634 miar's
229 2582 591 2637 annumeratur.-Ardorde
600 2602 657 2653 per
706 2580 884 2648 gestabantur.
897 2578 1037 2633 claudian.
1047 2580 1155 2649 XVIll,
1165 2584 1221 2652 464.

139 2678 205 2712 sona
213 2680 273 2730 quse
281 2661 404 2715 ardorem
416 2663 519 2729 excitat,
527 2662 581 2717 sire
588 2682 658 2716 arna·
706 2654 783 2710 Olim
797 2658 865 2711 male
883 2658 1012 2711 edebatur
1030 2664 1129 2728 tepridos
1147 2667 1224 2716 soles.

140 2746 186 2789 tur
196 2738 229 2791 ab
243 2738 335 2791 altero,
708 2730 811 2786 Contra
818 2744 925 2802 teporem
933 2756 988 2789 non
998 2756 1063 2806 opus
1070 2749 1108 2791 est
1119 2739 1224 2792 umbra-

179 2816 239 2870 310‚
259 2818 387 2881 Multis,
412 2818 502 2891 Lydia,
523 2816 656 2887 Omphale
707 2810 779 2863 eulis.
794 2812 829 2864 Ei
842 2811 982 2867 claudian.
995 2814 1080 2880 Vlll,
1100 2816 1163 2882 340,
1178 2816 1222 2867 ubi

140 2894 215 2947 enim
235 2894 326 2968 Lydiae
341 2899 432 2967 regina
447 2938 455 2963 ,
477 2896 565 2951 Tmoli
584 2916 658 2949 uxor.
707 2892 888 2944 nostrumloc.
900 2893 1027 2962 respexit,
1039 2916 1051 2939 «
1062 2912 1114 2946 neu
1128 2894 1221 2947 desen-

141 2973 265 3044 Apollod.
275 2975 314 3042 ll,
327 2992 357 3028 vr
366 3014 373 3040 ,
383 2976 412 3039 3;
422 2976 523 3048 Hygia,
532 2976 563 3029 P,
575 2977 608 3030 Α,
619 2976 657 3042 11,
708 2992 722 3016 n
735 2990 796 3023 sura
806 2971 921 3024 calorem
936 2973 1025 3024 Aurea
1037 2986 1223 3029 summoveant

144 3054 229 3119 14-
242 3054 295 3114 Ire,
307 3066 337 3105 ut
347 3053 407 3106 alibi
419 3056 546 3113 incedere.
562 3053 594 3107 de
610 3054 657 3119 iis,
711 3072 725 3097 s
738 3048 843 3119 rapidos
856 3049 1009 3103 umbracula
1019 3050 1093 3104 soles.
1107 3074 1120 3097 ν
1134 3051 1169 3106 Et
1179 3074 1225 3106 ra-

142 3150 259 3201 quorum
278 3141 404 3197 omarus,
425 3130 593 3201 pulchritudo
613 3143 659 3185 aut
705 3126 834 3193 pidsssol
844 3145 912 3197 ssspe
926 3126 1036 3196 legitur,
1048 3128 1109 3199 quia
1119 3134 1225 3198 rapidus

141 3208 265 3275 majestas
277 3207 441 3262 describitur.
452 3207 513 3261 Vid.
526 3208 658 3263 Brouekb.
709 3203 846 3274 epitheton
856 3205 932 3275 ignis.
939 3233 973 3244 -
980 3208 1118 3260 pelletana.
1129 3208 1224 3262 Hora-

142 3285 175 3338 ad
183 3284 331 3351 Tibullum,
342 3286 368 3339 ll
375 3326 383 3353 ,
398 3300 449 3352 111,
461 3288 660 3339 52.-Humeros
708 3282 776 3349 tius,
787 3285 831 3350 ll,
844 3282 898 3338 od.
911 3300 964 3351 xv,
980 3304 1025 3357 19,
1037 3286 1224 3355 ictussersriios

137 3366 257 3433 perflue.
274 3384 357 3435 quum
370 3384 453 3419 coma·
467 3366 558 3419 anuuli
571 3367 597 3418 in
613 3365 659 3418 bu·
707 3367 846 3415 excludere.

141 3444 223 3499 meris
231 3443 399 3499 fluctuarent.
412 3445 516 3514 Apulei.
531 3444 599 3496 Met.
614 3444 657 3512 11,
741 3440 903 3519 31337111011'
908 3446 1008 3505 orbern,
1022 3462 1082 3512 quse
1091 3445 1171 3498 etiam
1183 3447 1224 3500 Vl

142 3546 157 3573 a
170 3523 376 3579 Crinescerviee
385 3524 537 3594 dependuli,
547 3543 577 3578 ae
587 3522 660 3576 dein·
708 3517 820 3572 Metam.
839 3524 886 3596 15,
899 3533 1101 3591 memorantur,
1123 3534 1150 3576 et
1162 3524 1224 3576 satis

142 3622 156 3649 s
169 3602 204 3657 de
216 3623 266 3673 per
274 3603 340 3656 eolla
348 3601 473 3671 dispositi.
481 3624 534 3649 »-
544 3604 660 3655 Odoralr'.
708 3599 839 3653 celebrata
850 3611 936 3668 erant,
947 3602 1016 3654 bene
1028 3621 1115 3655 nemus
1124 3606 1230 3656 Bacchi

141 3677 237 3750 Capilli
245 3679 380 3733 interdurn
391 3679 602 3733 totamArabiam
610 3680 660 3750 spi·
709 3676 835 3731 dicuntur
854 3698 902 3749 per
920 3681 1121 3749 appositionem.
1141 3680 1223 3734 Recte

140 3760 243 3813 rabant.
258 3758 405 3825 Lucienus,
419 3760 480 3811 Am.
490 3779 510 3812 s.
527 3762 566 3824 4ο.
584 3756 659 3812 Culti
707 3755 788 3824 igitur
801 3756 974 3811 Burmannus
985 3757 1052 3811 banc
1071 3758 1224 3813 Famesiani

139 3838 225 3906 capilli
236 3847 262 3891 et
274 3843 348 3897 scians
358 3837 436 3891 vestis
446 3836 488 3890 vel
497 3834 605 3903 effusus,
615 3836 657 3889 vel
707 3836 766 3889 cod.
776 3836 917 3891 lectionem
927 3840 1078 3907 recepitpro
1086 3839 1155 3910 vulg.
1162 3842 1224 3892 Jans

141 3937 308 3989 purpureus,
326 3918 366 3971 rel
381 3928 505 3979 auratus,
521 3918 547 3969 in
567 3918 660 3986 primis
707 3918 813 3969 Bacchi
820 3937 909 3969 nemus
916 3926 942 3969 et
953 3919 1039 3969 Tmoli
1042 3928 1091 3972 etc.
1100 3919 1227 3975 Heinsius

140 4008 278 4063 nountur,
290 4016 375 4066 quum
383 3996 487 4051 babitus
496 3995 658 4063 elegantium
708 3994 790 4047 ductu
815 3994 889 4049 MSS
916 3995 1095 4065 quorumdam
1117 3998 1225 4067 conjicit
1332 4048 1336 4053 .

140 4074 299 4141 bominum,
312 4093 430 4127 amorem
443 4084 489 4127 aut
495 4076 658 4143 captantium
707 4074 769 4126 Jnm
779 4076 912 4134 Bacchea,
929 4096 1016 4128 umus
1033 4078 1117 4129 Tmoli
1120 4118 1127 4135 ,
1148 4082 1224 4129 υἰιιι-

142 4164 188 4207 aut
196 4152 384 4220 excitantium,
396 4152 560 4207 describitur.
570 4150 607 4219 V,
616 4154 657 4216 283
708 4162 743 4206 la.
755 4180 789 4193 -
801 4156 889 4223 Equus
900 4153 1038 4223 singularis
1053 4156 1151 4222 (rarius
1163 4175 1226 4209 cur-

144 4234 276 4291 Heroidd.
286 4234 364 4301 xlv,
374 4237 419 4301 ⁵¹5
430 4231 660 4295 Remedtttoffi·
708 4251 769 4297 rus,
781 4231 834 4286 vid.
844 4232 985 4304 lleynium
997 4232 1029 4286 ad
1044 4232 1133 4288 Tibul.
1143 4234 1165 4299 1,
1178 4251 1224 4298 rx,
