3025 5009
302 465 345 559 76
594 474 633 554 n.
661 472 847 544 ovrorr
875 474 1110 547 ursonis

348 609 503 704 Ingratos
522 609 613 687 nulla
630 615 724 715 prole
740 644 863 691 novare
880 618 979 692 viros.

295 722 385 797 Neve
402 723 496 799 daret
513 746 649 830 partus,
666 732 736 806 ictu
755 734 927 809 temeraria
943 763 1030 809 caco

345 840 540 919 Visceribus
558 874 706 923 crescens
723 849 911 924 excutiebat
927 878 1025 925 onus.

299 952 512 1058 Corripuisse
529 980 640 1062 patres
657 992 754 1040 ausas
771 963 912 1037 immitia
927 983 1070 1065 nuptas,

345 1072 409 1145 Jus
425 1090 533 1149 tamen
549 1096 714 1153 exemtum
731 1080 939 1168 restituisse,
958 1080 1081 1155 serunt.

294 1186 446 1289 Binaque
464 1220 554 1267 nuuc
571 1195 698 1296 pariter
711 1198 855 1291 Tegeae
871 1224 964 1269 sacra
979 1195 1122 1297 parenti.

346 1302 413 1377 Pro
429 1306 543 1406 pueris
560 1307 632 1382 fieri
650 1310 906 1411 virginibusque
921 1309 1050 1410 jubent.

295 1418 430 1492 Scortea
445 1449 514 1495 non
533 1421 649 1498 illisas
667 1442 718 1499 est
734 1425 855 1499 inferre
872 1425 1014 1516 sacello,

345 1538 395 1611 Ne
411 1536 539 1613 violent
556 1569 662 1642 puros
678 1542 864 1617 exanimata
877 1542 984 1617 focos.

297 1652 334 1725 Si
351 1652 428 1753 quis
444 1683 535 1729 auras
553 1655 639 1731 ritus
657 1674 804 1745 veteres,
823 1658 940 1733 assiste
956 1657 1128 1759 precanti:

346 1769 493 1843 Nomina
510 1772 672 1873 percipies
689 1801 760 1846 nou
777 1773 841 1846 tibi
857 1792 939 1848 uota
956 1775 1061 1876 prius.

297 1885 449 1960 Porrima
465 1887 658 1988 placantur,
677 1890 919 1991 Postuertaque
935 1890 1003 1965 sive
1017 1917 1167 1976 sorores,

346 2004 421 2079 Sive
438 2005 526 2101 suge
543 2008 703 2097 comites,
722 2007 859 2083 Maenali
876 2008 1056 2110 Nympha,
1073 2026 1148 2081 tuae.

296 2220 468 2271 proponere,
493 2204 663 2260 constituere.
689 2205 757 2261 Vide
778 2208 812 2261 acl
861 2203 1377 2274 lffiussuntssctmvarrorleltinpht.

298 2279 405 2347 Plini,
417 2280 499 2351 Epist.
513 2300 581 2349 vrtt,
599 2304 607 2337 ι
621 2304 627 2337 :
640 2284 810 2353 Plutarchus,
861 2285 906 2339 lib.
915 2284 972 2353 Vl,
984 2285 1030 2338 ubi
1038 2283 1111 2338 addit
1123 2302 1128 2335 :
1143 2304 1157 2329 κ
1168 2281 1236 2339 tute
1243 2282 1271 2334 in
1278 2281 1378 2351 aliquot

297 2362 812 2434 eoirm2.-1apatosvoos,sivequia
864 2386 877 2411 υ
890 2363 968 2417 sacris
985 2382 1015 2419 sc
1032 2361 1131 2417 sacellis
1147 2360 1274 2431 scriptum
1292 2360 1379 2413 lrabe-

297 2434 358 2488 viris
371 2438 494 2491 omuibus
507 2439 670 2494 Senatorum
683 2440 813 2497 interdic-
863 2465 878 2491 a
889 2463 950 2497 rous
962 2464 968 2498 :
982 2443 1024 2497 Ne
1036 2440 1100 2511 quid
1109 2451 1243 2495 scorteum
1253 2438 1380 2492 adhibes-

296 2526 355 2567 tum
368 2516 551 2586 imputabant,
565 2520 618 2573 sive
630 2520 690 2589 quis
703 2531 730 2574 et
740 2521 812 2573 viro·
863 2541 877 2566 ν
891 2532 950 2588 tur,
968 2520 1050 2586 ideo,
1069 2538 1104 2572 ne
1123 2517 1297 2571 morticinum
1317 2512 1379 2584 qud

296 2614 358 2649 rum
371 2596 447 2667 culpa
462 2596 547 2667 aliqua
563 2598 593 2651 in
609 2597 658 2653 bac
672 2619 709 2653 re.
722 2600 812 2654 Etiam
864 2622 878 2647 υ
891 2599 965 2655 adsit
976 2621 1033 2647 »-
1042 2600 1161 2669 Nympha
1171 2596 1252 2649 etiam
1264 2614 1279 2648 a
1289 2593 1379 2661 Virgi-

297 2675 455 2731 Plutarchus
472 2716 479 2743 ,
498 2678 639 2747 &postpone
654 2686 705 2740 reris
720 2684 813 2756 ἄνι’μς.
861 2680 914 2746 lio,
928 2678 1036 2733 AEneltl.
1048 2679 1136 2744 Vlll,
1151 2678 1217 2743 336,
1232 2676 1379 2729 Carmenta

295 2757 429 2809 -Norare
436 2756 813 2825 proleQuidamesvetustio·
861 2770 979 2812 vocatur.
996 2758 1051 2811 Pro
1067 2775 1100 2811 eo
1115 2756 1225 2810 nomine
1242 2754 1269 2809 b.
1285 2754 1305 2808 l.
1321 2764 1378 2807 octo

295 2834 368 2888 ribus
373 2836 479 2902 Jirrare,
503 2836 575 2905 quod
591 2835 701 2891 damnat
717 2836 812 2891 Heio·
864 2837 940 2893 MSS
946 2840 1025 2891 Dira.
1038 2836 1158 2891 Alteram
1168 2838 1312 2889 Porrimam
1319 2852 1380 2887 curn

295 2912 362 2976 sius;
374 2912 472 2967 durum
482 2924 571 2969 tamen
580 2924 634 2983 est,
645 2922 713 2968 ortos
720 2934 814 2969 nouare
862 2926 955 2969 nostro
963 2915 1044 2970 etiarn
1054 2914 1162 2969 Servius
1169 2913 1202 2967 acl
1212 2914 1321 2968 AEueid.
1330 2911 1378 2964 (ll

291 2996 378 3059 prole,
394 3012 491 3047 noram
505 2994 607 3065 prolem
624 2993 685 3049 viris
701 3014 811 3065 parere,
862 3004 954 3057 rorat;
968 3003 996 3047 et
1003 2996 1136 3047 Postuerta
1142 2992 1170 3045 in
1179 2992 1303 3061 Inscript.
1311 2988 1377 3060 apud

296 3088 384 3139 neque
397 3070 449 3125 hoc
465 3073 631 3142 comprobari
646 3082 732 3143 potest
745 3073 811 3141 illis,
862 3071 971 3125 Gruter.
983 3090 1040 3142 pag.
1053 3073 1086 3124 50
1096 3110 1104 3137 ,
1116 3072 1239 3125 occurrit.
1252 3069 1378 3124 Heinsius

294 3168 388 3201 rorare
397 3170 510 3217 mem,
524 3158 742 3220 uovampr'grrora,
753 3171 814 3221 quae
862 3150 937 3204 malit
953 3152 1101 3212 Postuerta,
1124 3160 1155 3203 ut
1175 3148 1246 3221 apud
1264 3150 1375 3203 Macro·

298 3224 368 3293 apud
381 3226 496 3280 Statium
507 3266 514 3293 ,
524 3228 610 3281 Theb.
619 3230 660 3294 X,
674 3228 736 3294 223,
748 3236 812 3302 79i,
862 3230 955 3295 bium,
968 3228 1024 3283 Sat.
1037 3229 1067 3295 l,
1082 3250 1112 3298 7,
1126 3250 1139 3275 α
1153 3228 1221 3283 sicut
1231 3230 1376 3283 Antevorta

296 3302 428 3373 leguntur.
442 3334 476 3345 —
488 3307 574 3367 Lisco,
593 3305 765 3360 clandestino.
785 3306 813 3360 ll
864 3332 879 3357 s
891 3321 918 3363 et
937 3311 1098 3374 Postvorta,
1121 3309 1265 3364 divinitatis
1281 3310 1377 3363 scilicet

300 3382 392 3435 Amor.
406 3384 486 3449 XlV,
498 3385 527 3451 4,
541 3382 586 3435 ubi
595 3381 628 3436 (le
642 3384 733 3453 puellis
745 3402 813 3437 onus
863 3410 878 3437 a
891 3388 1029 3458 aptissime
1040 3387 1168 3454 comites,
1185 3386 1256 3458 apud
1271 3387 1376 3442 Roma·

296 3461 397 3517 ventris
413 3462 449 3517 sie
467 3464 682 3531 excutientibus,
701 3488 715 3515 s
734 3484 814 3519 cacas
864 3488 878 3513 ν
890 3486 940 3520 nos
949 3466 1082 3519 coluntur.
1094 3488 1108 3513 ν
1121 3466 1246 3534 Denique
1260 3460 1376 3518 nonnis

300 3568 313 3591 n
326 3554 431 3597 armant
439 3544 466 3597 in
477 3563 523 3598 sua
534 3544 586 3599 sata
595 3564 697 3599 manus.
706 3568 720 3592 a
733 3544 814 3598 Cous.
863 3554 891 3597 et
906 3556 969 3598 sunt
986 3542 1064 3597 Gellii
1082 3544 1160 3598 Nort.
1173 3544 1229 3597 Att.
1247 3544 1332 3608 XVl,
1344 3539 1375 3603 6,

297 3633 325 3677 et
333 3621 446 3676 Heroid.
455 3624 506 3688 xl,
516 3626 558 3691 42,
567 3644 580 3669 o
590 3623 630 3677 Ut
638 3624 814 3693 penitus'nos·
863 3624 959 3691 verba,
973 3624 1018 3677 ubi
1029 3622 1062 3677 tle
1073 3623 1230 3677 mulieribus
1240 3641 1309 3693 ogre
1322 3617 1378 3673 eni·

299 3724 313 3749 ν
327 3700 814 3756 tris.‘..Visceribuscresceusexcutere·
863 3702 1203 3771 rentibusserm02«hujue
1213 3694 1377 3772 periculirle·
1412 3775 1416 3783 ⁸

300 3804 313 3825 »ο
327 3792 371 3834 tur
381 3800 458 3835 onus.
467 3784 578 3835 e—Jus
587 3784 734 3834 restituisse.
742 3780 816 3834 Hine
864 3782 1016 3853 »precandi
1032 3801 1109 3836 causa
1128 3800 1179 3834 are
1196 3784 1377 3834 scaturierunt

299 3861 425 3914 mulieres
436 3866 577 3917 ιῦτικνοῦσαι
590 3868 631 3914 καὶ
643 3866 815 3914 πολυτεκνοῦσαι
865 3883 879 3910 s
893 3862 988 3915 Roma
996 3858 1376 3924 duabusCarmeutibuszqur

300 3938 430 4007 templum
450 3937 603 3992 Carmente
619 3948 815 4008 posueruut-
864 3958 953 3992 »rrum
974 3938 1056 3993 altere
1080 3938 1218 3991 Postverta
1240 3934 1377 3989 nominate

299 4020 450 4079 saeuum,
470 4017 614 4072 ademtum.
629 4016 701 4072 Vide
720 4019 815 4073 Burm.
864 4040 880 4067 a
892 4028 946 4085 est,
960 4018 1042 4072 Prosa
1053 4014 1116 4088 (alii
1124 4012 1348 4084 protestatum:
1360 4026 1375 4059 ²

300 4094 393 4163 Olim,
409 4106 516 4164 ereptum
534 4107 580 4150 aut
596 4102 734 4161 amissum,
756 4114 815 4166 quo
865 4117 880 4144 »
892 4095 957 4149 recti
968 4093 1136 4165 perversique
1145 4103 1236 4162 partus
1246 4101 1274 4145 et
1282 4097 1375 4160 potes-

300 4174 436 4231 fluxerunt
447 4194 478 4229 er
488 4175 627 4245 interpret.
865 4197 880 4223 a
894 4185 947 4228 tate
955 4185 982 4227 et
990 4174 1109 4227 nomine.
1123 4194 1137 4219 υ
1146 4198 1179 4212 -·
1187 4170 1264 4243 Regii
1275 4166 1376 4224 codices

335 4256 391 4330 639.
400 4258 517 4321 scortea,
531 4274 589 4326 quse
598 4274 629 4310 er
640 4254 749 4309 torioet
758 4252 816 4324 pel-
864 4246 926 4308 Ber
939 4252 962 4307 C
976 4252 1076 4307 babent
1087 4252 1235 4316 Postuerta,
1247 4248 1276 4302 iu
1286 4242 1374 4303 sedne
