3025 5009
166 604 441 721 runnu
486 615 738 723 ovum
775 615 1144 728 ulsonls'

369 846 906 985 FASTORUM

316 1113 541 1200 LIBER
589 1114 951 1219 QUINTUS.

513 1358 752 1383 -α-θ--ι

105 1753 359 1881 Qtttttltttts,
376 1785 465 1860 unde
481 1803 599 1887 putem
616 1786 711 1859 Maio
729 1785 807 1859 data
823 1786 960 1860 nomina
976 1786 1106 1860 mensi?
1205 1840 1210 1849 .

146 1902 223 1975 Non
240 1902 323 1975 satis
339 1920 391 1977 est
407 1902 538 2005 liquido
555 1904 687 1999 cognita
706 1930 804 1977 causa
821 1902 914 1977 mihi.

103 2016 148 2089 Ut
163 2034 249 2106 stat,
268 2037 302 2091 et
318 2019 465 2094 incertus
481 2020 607 2121 quasit
621 2019 687 2093 sibi
703 2019 812 2094 nescit
829 2019 994 2106 eundum,

147 2134 264 2231 Quum
280 2134 370 2210 videt
386 2166 427 2210 ex
444 2136 534 2210 omni
551 2153 646 2237 parte
662 2136 772 2210 viator
788 2135 868 2211 iter:

102 2246 169 2336 Sic,
189 2251 270 2351 quia
286 2279 387 2352 posse
402 2252 502 2327 datur
519 2252 667 2327 diversas
682 2253 820 2326 reddere
838 2281 972 2341 causas,
1159 2271 1175 2321 5

145 2365 342 2462 Qualem,
362 2366 502 2464 ignor03
522 2368 685 2469 copiaque
702 2368 777 2469 ipsa
795 2386 902 2441 nocet.

101 2480 227 2572 Dicite,
251 2514 325 2585 qnae
339 2484 451 2559 fontes
469 2484 705 2586 Aganippidos
723 2486 975 2585 Hippocrenes,

147 2600 250 2675 Grata
265 2601 428 2677 Mednsaei
446 2601 541 2696 signa
555 2600 675 2675 tenetis
693 2599 780 2701 eqni.

132 2810 220 2846 ι-ιιο.
239 2790 322 2845 Missa
339 2792 508 2862 prelatione,
521 2794 610 2845 statim
659 2814 673 2839 o
687 2790 765 2845 dibus
776 2790 1110 2861 hucadsimiu—liquido,
1121 2812 1175 2847 cer·

101 2866 130 2919 de
137 2870 310 2923 narramus
316 2868 392 2934 dicit;
401 2870 512 2923 resumit
520 2881 610 2923 autem
658 2882 703 2937 to,
716 2882 746 2924 ut
754 2871 791 2923 nil
804 2870 974 2924 dubitationis
985 2882 1073 2925 restet.
1085 2872 1176 2929 Etiam

101 2955 125 2999 et
135 2947 210 3007 latius
222 2958 335 3015 tractat,
347 2948 419 3018 quod
430 2950 442 3002 1
453 2989 461 3015 ,
471 2952 500 3017 4¹
512 2950 611 3015 ‚verbo
659 2949 820 3015 Macrob.1,
833 2949 888 3003 Sat.
905 2971 947 3017 ta,
959 2948 1065 3016 latetur,
1075 2949 1107 3004 tle
1116 2970 1174 3004 no-

101 3026 224 3097 tetigerat.
238 3028 390 3097 Quaestioni
401 3026 463 3081 huic
471 3048 610 3098 gramma-
658 3030 732 3081 mine
740 3034 807 3083 inter
816 3037 933 3081 auctores
943 3031 1023 3081 latam
1033 3032 1175 3083 dissensio-

102 3106 153 3161 tioe
168 3109 315 3179 plurimum
333 3107 467 3179 dignitatis
479 3120 506 3161 et
519 3108 610 3179 gratiss
658 3126 715 3159 trent
726 3104 921 3173 essa-Quod
934 3106 985 3172 lv,
1002 3108 1066 3175 784,
1085 3106 1175 3161 tenui-

102 3184 202 3243 atldidit.
215 3188 308 3241 Musas
318 3187 440 3253 invocat,
454 3199 484 3241 ut
493 3188 542 3243 sibi
551 3207 610 3240 no·
659 3194 701 3238 ter
708 3182 787 3250 dixit,
798 3183 1073 3252 Turdasacitdubium,
1084 3194 1175 3253 cepta·

101 3266 174 3319 minis
186 3287 292 3322 causam
307 3269 428 3339 aperiant
440 3307 448 3334 ‚
464 3278 492 3320 et
502 3308 514 3333 ,p
525 3286 610 3337 quum
658 3282 707 3332 pne
716 3272 898 3325 nostratem,
920 3261 946 3316 id
960 3282 1033 3317 nunc
1044 3264 1174 3319 similitu-

102 3351 150 3397 tres
167 3347 334 3416 potissimum
351 3365 435 3401 eausa
455 3344 609 3413 ferrentur,
659 3340 722 3395 dine
733 3341 847 3410 quadarn
860 3351 990 3407 exornat,
1014 3344 1051 3395 Ut
1059 3351 1113 3396 stat
1124 3354 1174 3399 etc.

101 3420 162 3489 ipsas
179 3422 272 3478 Musas
293 3424 408 3477 interae
426 3422 610 3478 dissentientes
658 3448 692 3459 -
704 3421 758 3473 Pro
770 3440 820 3487 qao
831 3420 872 3473 alii
884 3439 948 3487 quo,
961 3420 1074 3473 solemni
1086 3422 1173 3475 varie·

103 3497 189 3571 fingit,
203 3512 231 3555 et
245 3513 300 3556 tres
313 3502 350 3554 ita
364 3500 480 3569 inducit,
498 3512 529 3555 ut
541 3522 610 3555 ten-
659 3507 722 3551 tate.
731 3500 851 3551 -Posse
861 3500 943 3559 dator,
957 3517 999 3551 res
1011 3498 1067 3552 talis
1076 3508 1132 3569 est,
1143 3510 1175 3553 ut

101 3580 207 3635 tentiam
223 3581 348 3651 deinceps
362 3580 468 3644 dieant;
487 3580 541 3649 ipse
555 3600 610 3635 au·
659 3577 756 3647 possim
767 3598 774 3640 ;
786 3576 893 3633 facultas
905 3576 971 3631 mihi
983 3589 1030 3632 est.

102 3660 205 3713 temsub
215 3659 299 3714 linem
310 3656 439 3729 judicium
451 3677 530 3713 suum
539 3658 610 3713 cohi·
693 3675 716 3724 7.
738 3656 854 3726 Pegasus
867 3695 874 3723 ‚
894 3675 908 3709 e
920 3656 1048 3725 sanguine
1061 3657 1175 3709 dsedusae

100 3730 158 3789 bet:
170 3737 205 3790 ita
214 3736 274 3793 loeo
285 3735 347 3790 huic
359 3735 484 3791 dramatis
494 3736 609 3790 sormam
658 3743 747 3799 ortus,
762 3734 820 3799 (tv
834 3734 945 3787 Metam.
956 3734 1020 3802 784)
1032 3734 1175 3801 Hippocre-

101 3808 175 3867 dedit
182 3814 277 3869 Simile
287 3814 359 3868 eiest
367 3812 506 3867 exordium
514 3814 609 3868 tinvt.
658 3830 706 3863 aea
719 3810 816 3879 ungula
829 3812 908 3880 rupit
927 3810 993 3863 lbid.
1003 3810 1038 3877 V,
1052 3816 1108 3879 ²75·
1127 3813 1177 3867 ln-

133 3909 153 3943 ι.
163 3892 282 3958 Qmitis
339 3897 422 3945 mersi
428 3896 443 3947 f
455 3892 500 3946 sic
510 3902 538 3945 et
549 3890 610 3945 alibi
658 3899 739 3957 terpr.
751 3888 857 3957 gallicus
866 3890 1048 3943 hunesontem
1061 3900 1087 3943 et
1097 3892 1174 3961 Αμ-

100 3965 164 4019 riam
172 3970 219 4022 sibi
228 3970 321 4040 pandit
329 3968 361 4021 ad
370 3980 559 4041 argumentum
567 3968 610 4022 ali·
658 3970 763 4034 appu«
775 3968 828 4033 (sic
841 3965 904 4037 ille)
916 3986 965 4037 pro
977 3967 1073 4021 eodem
1086 3968 1174 4027 habet.

100 4046 167 4113 quod
179 4046 361 4111 tractandum
375 4048 403 4103 11
417 4048 530 4101 Metam.
542 4051 609 4115 512,
659 4045 748 4099 Immo
758 4046 894 4113 Aganippe
912 4046 976 4099 alius
997 4044 1055 4099 lons
1074 4047 1174 4103 Muss-

101 4120 171 4177 Juno
178 4124 211 4178 ad
218 4125 292 4180 Deos
297 4126 433 4193 marinos,
443 4147 457 4172 α
468 4124 612 4193 Quantis,
658 4142 719 4177 runt
728 4134 756 4176 et
763 4122 893 4192 Apollinis
903 4124 930 4177 in
939 4122 1086 4190 Helicone,
1099 4125 1176 4195 isque

102 4220 115 4245 ⁸
127 4201 557 4276 ethereisqnarereginaDeorum
564 4196 610 4259 se·-
659 4196 691 4259 ad
703 4201 843 4257 Musarum
855 4201 945 4255 lucum
957 4202 1128 4259 tendentibus
1140 4202 1174 4257 ad
