3025 5009
453 431 507 500 IN
539 427 974 500 0v1n1112asros.
1183 427 1246 493 501

176 568 239 646 hac
262 569 424 673 particula
447 571 632 674 composita
649 587 820 666 arguente
840 567 958 644 conset
972 567 1062 642 Fert.
1086 565 1153 639 rid.
1174 566 1250 640 Am.

177 687 301 764 verba:
316 689 472 791 anquirere
491 689 662 789 (circum,
682 687 768 761 circa
786 687 980 788 querere),
999 713 1111 787 mceps
1127 686 1253 784 (drapo⁴

177 807 304 900 sorae)
325 804 471 880 mclobrc
493 805 782 904 (ἀμφικύπελλον),
810 801 910 876 mct'le
932 798 1255 898 (circumlatum,

176 921 317 1024 Neapol.
334 922 376 995 ad
391 922 444 1010 ll,
464 922 577 1021 435.)

227 1037 401 1133 Singulare
413 1055 524 1114 autem
540 1038 576 1112 in
592 1036 798 1140 mythologie
812 1036 932 1112 veteris
943 1033 1032 1110 Latii
1046 1052 1253 1110 momentum

175 1168 248 1238 est,
266 1153 403 1228 numina
415 1153 478 1228 ista
489 1169 620 1228 tantum
633 1182 700 1227 non
716 1153 829 1228 omnia
841 1152 996 1226 vaticinio
1010 1161 1151 1226 et'cantu
1162 1149 1253 1250 apud

175 1267 337 1346 mortales
355 1268 530 1360 claruisse,
549 1288 582 1345 et
592 1269 883 1346 celeberrimorum
892 1267 1103 1344 oraculorum
1111 1267 1147 1340 in
1156 1263 1253 1340 ltalia

172 1381 313 1482 antiqua
329 1384 478 1486 undique
494 1383 634 1480 vestigia
648 1401 736 1460 sunt.

224 1499 277 1572 De
293 1501 409 1575 Fauno
425 1502 590 1602 Picoque‚
608 1501 648 1575 de
669 1499 792 1602 quibus
810 1500 908 1576 loeus
924 1499 1019 1575 class.
1037 1512 1145 1573 eistat
1160 1492 1252 1596 apud

174 1613 269 1710 virg.
287 1616 419 1690 AEneid.
433 1618 517 1706 vlt,
533 1617 577 1690 81
595 1647 603 1704 ;
621 1616 727 1718 deque
743 1617 958 1694 celeberrimo
973 1619 1001 1692 F
1001 1617 1079 1692 anni
1096 1611 1250 1700 oraculo,

174 1732 268 1832 quod
279 1735 419 1810 Latinus
434 1734 476 1809 de
486 1735 623 1810 Lavinia
639 1763 700 1810 sua
710 1736 873 1823 consulit,
892 1736 1026 1812 abunde
1041 1736 1112 1831 egit
1123 1732 1164 1807 ad
1176 1731 1211 1804 h.
1225 1729 1250 1804 l.

173 1846 282 1924 lllust.
314 1851 482 1952 Heynius;
508 1851 651 1926 Ovidius
670 1850 805 1925 duobus
827 1849 912 1926 loeis
933 1851 1049 1949 (Fast.
1072 1851 1140 1935 IV,
1157 1845 1250 1936 651;

173 1963 247 2052 tlt,
266 1989 332 2065 291
348 1965 382 2063 ),
396 1967 543 2065 ejusdem
559 1966 706 2056 oraculi,
726 1965 820 2068 quod
835 1962 966 2039 diverso
983 1963 1087 2040 modo
1099 1980 1251 2050 cremat,

173 2083 374 2161 mentionem
390 2085 511 2182 injecit.
525 2087 555 2163 Α
567 2084 731 2161 vaticiniis
742 2083 850 2160 eidem
860 2084 965 2158 Fului
972 2110 1097 2160 nornen
1106 2081 1252 2156 inditum

173 2217 245 2288 est,
265 2203 355 2302 quod
376 2202 671 2306 propriesotr'dt'cus
687 2220 757 2292 est,
778 2219 896 2304 postea
915 2231 956 2277 er
972 2201 1087 2278 eadem
1102 2200 1253 2276 idearum

174 2321 425 2420 conjunctione,
439 2321 480 2398 de
488 2321 665 2408 delirante,
678 2319 862 2422 desipiente
874 2321 940 2396 diei
950 2321 1067 2423 cupit,
1077 2349 1145 2422 qua
1151 2333 1253 2416 μάντις

172 2437 215 2510 de
231 2455 375 2541 utroque
393 2438 517 2514 Graecis
534 2437 600 2512 dici
623 2435 776 2526 solebat,
801 2438 849 2512 ita
871 2455 1007 2526 tamen,
1031 2439 1126 2512 utin
1147 2449 1249 2532 μάντις

171 2555 269 2629 notio
273 2554 408 2655 serendi
421 2555 628 2658 precederet.
640 2553 862 2654 Frequentius
875 2579 962 2628 uxor
972 2552 1045 2652 ejus
1056 2555 1170 2628 Fauna
1177 2554 1251 2628 Fu-

171 2685 229 2766 tua
239 2669 306 2746 dici
319 2671 414 2747 solet.
433 2673 540 2747 Vetus
558 2671 599 2746 de
614 2697 651 2745 ea
667 2671 805 2772 mythus
820 2670 950 2768 (linus
965 2669 1056 2774 apud
1064 2669 1194 2746 Amol).
1204 2673 1248 2760 V,

171 2817 249 2891 pag.
269 2815 337 2890 993
354 2788 441 2864 Elm.
461 2791 552 2866 Plut.
571 2793 700 2889 Queat.
716 2793 801 2863 rom.
819 2813 868 2865 20
883 2789 901 2889 )
923 2805 1037 2863 narrat
1050 2786 1251 2867 mulieribus

171 2933 244 2980 eam
258 2908 327 2982 sata
343 2907 518 2999 cecinisse,
537 2911 688 2985 Faunum
705 2909 802 2998 dria,
820 2931 883 2982 nec
901 2935 1048 3008 unquam
1066 2905 1113 2980 ob
1131 2905 1248 3002 singu·

171 3020 273 3098 larem
286 3025 514 3101 castimoniam
528 3027 635 3103 virum
649 3026 771 3103 vidisse
782 3055 791 3114 3
806 3023 960 3112 tandem,
973 3049 1078 3124 quum
1087 3019 1172 3096 elam
1181 3050 1247 3098 ma·

170 3137 273 3214 ritum
283 3141 388 3216 evino
404 3161 488 3244 poto
499 3143 692 3218 ebrietatem
706 3139 944 3225 contraxisset,
962 3138 1118 3234 virgisab
1129 3137 1247 3214 eodem

170 3255 214 3330 ad
229 3276 371 3332 mortem
390 3286 506 3334 caesam
522 3287 610 3349 esse,
627 3278 743 3361 postea
761 3257 883 3331 divinis
897 3255 1088 3332 honoribus
1103 3274 1243 3332 aucum.

170 3373 225 3446 Ad
249 3373 334 3448 hanc
354 3373 502 3450 fibulam
526 3376 690 3451 referendi
717 3394 798 3452 sunt
812 3376 900 3450 ritus
916 3402 1086 3450 sacrorum
1103 3373 1135 3448 ei
1151 3374 1206 3448 die
1226 3402 1240 3448 r

169 3492 253 3567 Maii
271 3491 384 3569 offerri
401 3492 590 3570 solitorum.
609 3495 735 3570 Eadem
755 3495 844 3570 enim
859 3494 1002 3582 ridetur,
1020 3521 1122 3597 quam
1133 3493 1245 3568 bonon

167 3607 275 3682 Deam
290 3609 474 3699 vocabant,
492 3609 722 3685 consentiente
739 3609 831 3684 Ptuc
851 3611 934 3684 Ces.
953 3637 988 3710 p.
1010 3635 1098 3708 711,
1113 3609 1244 3682 Bonam

166 3719 274 3796 Deam
290 3721 425 3824 Dryade
443 3740 476 3796 et
492 3724 598 3798 Fauni
615 3751 755 3799 uxorem
772 3725 923 3814 dicente;
945 3724 1099 3799 Macrob.
1118 3727 1158 3814 l,
1184 3747 1244 3810 12,

163 3837 303 3913 Terram
328 3840 429 3914 etiam
454 3857 489 3915 et
512 3843 622 3943 Opem
647 3842 821 3918 immiscet.
843 3885 883 3900 -
909 3843 962 3917 De
983 3841 1244 3918 commutatione

166 3979 243 4027 cnm
261 3954 352 4029 Pane
369 3983 422 4030 res
436 3972 518 4028 nota
533 3973 603 4044 est,
621 3974 654 4030 et
670 3955 864 4060 Lupercalia
879 3975 968 4032 recte
986 3957 1131 4034 Ovidius
1147 3961 1244 4060 aLy·

4 4113 15 4146 t
167 4067 242 4141 cais
257 4067 429 4143 Arcadicis
444 4069 567 4172 repetit
581 4071 655 4171 (ll,
676 4069 792 4171 281);
808 4099 885 4146 nam
900 4071 942 4146 ad
959 4100 1071 4168 regem
1086 4075 1243 4148 Latinum

166 4211 307 4286 prorsus
320 4213 390 4260 non
404 4204 565 4291 spectant.
577 4187 752 4292 Quicquid
769 4190 869 4266 etiam
880 4189 922 4265 de
937 4207 1065 4267 terrore
1076 4191 1197 4294 panico
1211 4207 1246 4265 et
