3025 5009
420 470 728 541 FasrottUM
759 475 862 542 LIB.
891 477 946 543 11.
1173 480 1234 546 151

162 610 235 683 llos
247 607 369 683 babuit
385 607 499 684 vultus
514 642 522 683 :
536 612 605 687 baec
619 612 670 685 illi
685 613 788 689 verba
799 614 910 689 luere:
952 604 957 611 Φ

211 725 274 799 llic
293 725 407 813 decor,
424 726 493 801 haro
509 728 629 819 facies,
647 730 703 805 hic
720 728 813 805 color
828 732 897 806 oris
911 749 991 806 erat.

162 842 210 913 Ut
226 842 312 918 solet
327 874 346 919 a
363 873 486 941 magno
500 846 621 921 lluctus
639 847 850 943 languescere
866 848 969 939 llatu;
1191 872 1241 945 775

212 958 278 1034 Sed
292 977 404 1034 tamen
420 980 571 1052 aventu,
589 964 648 1064 qui
665 964 750 1052 luit,
768 964 858 1039 unda
876 981 1000 1040 tumet:

164 1070 238 1159 sie,
253 1074 404 1174 quamvis
421 1075 536 1150 aberat
551 1074 681 1177 placite
698 1081 874 1181 presentia
889 1081 1020 1169 formae,

211 1187 323 1284 Quem
339 1190 475 1267 dederat
490 1220 635 1294 presens
649 1196 772 1285 forma,
788 1198 945 1273 manebat
961 1226 1061 1272 amor.

154 1304 286 1403 ¹tlrdet3
305 1324 339 1379 et
354 1305 470 1405 injusti
485 1308 631 1384 stimulis
647 1312 792 1407 agitatus
806 1313 946 1403 amoris,

209 1421 390 1525 Comparat
405 1424 545 1521 indigno
564 1427 697 1529 vimque
713 1447 907 1531 metumque
922 1447 1010 1503 toro.
1191 1452 1242 1521 780
1356 1418 1362 1423 ⁸

160 1538 279 1612 Exitus
295 1538 330 1611 iu
346 1537 450 1613 dubio
467 1557 517 1614 est
530 1571 539 1613 ε
554 1540 752 1615 audebimus
768 1543 905 1631 ultima,
923 1543 1008 1617 dixit
1022 1572 1031 1631 ;

207 1653 355 1743 Viderit,
374 1655 534 1731 audentes
550 1656 666 1731 sorsne
681 1657 818 1732 Deusne
832 1658 934 1758 juvet.

161 1771 319 1872 Cepimus
334 1770 487 1845 audendo
505 1771 634 1847 Gabios
648 1802 795 1891 quopue.
812 1774 909 1850 Talia
922 1775 1032 1866 satus,

209 1890 299 1963 Ense
315 1886 404 1963 latus
424 1887 528 1985 cingit
541 1918 550 1978 ;
570 1906 730 1991 tergaque
745 1892 870 1991 pressit
885 1894 973 1994 equi.

162 2004 297 2106 Accipit
312 2022 411 2079 serata
425 2004 578 2104 juvenem
595 2006 738 2081 Collatia
754 2026 872 2107 porta,

212 2120 367 2197 Condere
380 2123 447 2223 jam
460 2120 573 2198 vultus
589 2123 660 2199 sole
677 2143 814 2225 parante
832 2154 922 2200 suos.

161 2238 303 2328 Hostis,
320 2256 359 2313 ut
373 2240 515 2342 hospes,
533 2240 597 2325 init
612 2241 795 2342 penetralia
811 2240 993 2317 Collatini:

161 2460 263 2496 ueroex
271 2442 395 2495 Potesne
405 2452 432 2495 et
443 2442 546 2497 dubbus
555 2442 610 2497 aliis
617 2442 674 2512 p'la-
723 2441 786 2512 quia
796 2441 852 2495 biv.
861 2442 963 2496 XXlll
973 2480 981 2509 ,
991 2442 1038 2511 ³5,
1046 2441 1163 2513 scripsit,
1171 2442 1241 2496 «do-

160 2521 331 2575 oebstcultus.
339 2522 377 2574 As
386 2522 517 2592 precessit
527 2521 623 2588 modo,
635 2526 675 2575 sr'c
724 2544 739 2569 s
751 2522 808 2575 lum
821 2520 853 2576 ad
864 2520 1007 2592 rapiendos
1017 2540 1062 2576 eos
1073 2532 1240 2591 comparat.»

159 2598 389 2667 saltasseffiltus
397 2596 674 2666 autemofizce'eeton's
724 2601 787 2655 Hoc
795 2600 872 2654 nihili
881 2612 936 2655 est:
947 2618 1003 2654 non
1015 2601 1089 2654 eninr
1102 2601 1239 2670 queritur,

159 2680 242 2731 colore
254 2675 351 2731 differt.
366 2706 400 2719 -
418 2676 511 2731 Nullus
527 2696 559 2731 ex
579 2678 675 2732 nostris
723 2698 757 2733 an
769 2680 882 2749 scriptor
895 2680 987 2748 aliquis
1000 2682 1243 2748 dolumcosrpamm

160 2756 250 2827 Regiis
263 2756 342 2811 babet
351 2760 442 2811 cottus.
459 2756 510 2809 Ed.
723 2757 839 2825 dixerit,
860 2757 906 2811 sed
921 2756 985 2826 quid
1003 2758 1164 2827 Tarquinius
1179 2757 1241 2811 Lu-

193 2838 250 2905 775.
265 2834 295 2887 A
302 2838 385 2903 state,
403 2843 461 2905 post
476 2834 579 2888 ilatum.
595 2834 674 2889 Hanc
723 2836 812 2889 cretio
822 2835 960 2905 paraverit
971 2834 1014 2889 De
1025 2841 1086 2888 dolo
1095 2854 1145 2889 nec
1157 2834 1240 2889 ortt.

159 2911 360 2967 similitudinem
377 2932 433 2965 non
447 2912 695 2983 vulgarensium.
723 2912 869 2982 quidquam
881 2914 908 2965 in
920 2931 969 2982 sqq
982 2912 1080 2980 babet,
1094 2912 1240 2967 necbisto-

159 3000 213 3045 trat
223 2990 342 3059 Gellius,
356 2992 433 3047 Nost.
444 2991 499 3045 Ao.
513 2992 554 3058 ll,
568 2992 616 3058 30,
629 2990 674 3043 ubi
723 2993 771 3046 rici
781 3014 788 3057 3
799 2993 827 3045 in
838 3004 905 3047 metu
914 3002 1024 3060 contra,
1040 3012 1121 3063 quem
1133 2994 1241 3048 mulieri

161 3068 195 3124 de
207 3080 296 3125 austro
307 3070 349 3123 vel
360 3069 458 3125 africo:
473 3092 487 3118 ιι
502 3069 609 3139 Quibus
618 3070 674 3138 jam
722 3070 862 3125 incusserit
876 3110 883 3138 ,
902 3089 996 3125 omnes
1012 3071 1192 3147 consentiunt.
1206 3100 1241 3113 —

161 3148 676 3220 r·nibilspirantibusuudaetamcnsoctss
724 3148 1240 3220 Beneinnostriscodtrihuslegiturme·

161 3226 289 3283 »diutius
304 3238 426 3295 tenuent,
444 3238 472 3281 et
486 3246 501 3281 a
517 3237 598 3281 vento
610 3226 677 3295 qui·
723 3237 830 3297 tumque.
839 3227 1187 3298 Ed-Paulopostvolebat
1198 3228 1265 3282 dt·-

162 3328 178 3356 »
192 3308 255 3363 dem
266 3308 424 3378 jamdudum
439 3308 586 3379 tranquille
598 3317 675 3376 sunt,
723 3324 803 3374 cere,
815 3305 973 3360 audentibus
985 3308 1076 3360 omnia
1085 3305 1240 3362 suocedont.

162 3408 178 3435 n
189 3387 236 3443 ,ed
255 3406 328 3443 mare
346 3400 385 3443 est
400 3388 481 3444 esiam
499 3398 578 3459 atque
594 3390 675 3443 etiam
725 3384 972 3453 Vulgosuoeessum
985 3384 1061 3438 illum
1071 3386 1185 3439 huone
1196 3386 1241 3439 tri·

161 3468 416 3524 »nudabundumn
724 3462 1163 3533 buebant‚sor!esFortunajoraet:
1176 3466 1239 3520 Sex·

196 3568 253 3621 779.
265 3548 360 3603 Heius.
371 3548 414 3601 eui
425 3548 520 3617 r'aejssls'
528 3566 584 3603 roc.
596 3548 676 3603 nimis
724 3553 753 3597 to
761 3542 873 3614 perinde
878 3555 927 3611 est,
933 3544 991 3613 quis
997 3544 1138 3610 boesaciat,
1146 3547 1241 3598 ll'orsrse

160 3627 222 3681 lene
236 3628 264 3681 io
279 3626 329 3682 hec
342 3644 371 3681 re
382 3626 538 3695 ridebatm,
551 3626 579 3681 id
593 3627 621 3681 in
633 3632 676 3681 irr-
724 3622 1125 3693 Demea-Viderisvoxejus,
1138 3623 1184 3693 qui
1195 3642 1239 3678 cu·
1314 3637 1319 3647 ·

159 3704 329 3759 cests'mutmi
339 3702 443 3759 volebat
451 3706 612 3761 :sinecsuse
619 3704 675 3759 biv.
724 3720 783 3754 ram
792 3702 832 3756 rei
839 3702 868 3757 in
876 3702 957 3757 alium
965 3704 1059 3771 rejicis
1069 3699 1139 3755 Vide
1151 3700 1241 3777 Hein-

161 3784 190 3854 l,
203 3790 251 3859 59,
263 3784 314 3839 boc
325 3783 413 3854 ipsum
423 3784 563 3855 Tarquinii
574 3784 676 3839 facinus
723 3782 793 3836 sium
805 3782 838 3835 ad
851 3783 907 3837 lex
920 3782 1023 3849 Ponto,
1036 3796 1076 3848 11,
1089 3802 1113 3854 p

159 3869 253 3933 regiam
264 3866 387 3933 r'rrjeriam
400 3875 483 3919 vocat.
503 3864 546 3920 lll
563 3864 674 3919 Metam.
759 3864 814 3932 785.
828 3862 936 3932 Accipit
945 3880 994 3916 nos
1004 3862 1093 3929 locus,
1104 3880 1187 3931 qcrem
1196 3860 1242 3915 in·

160 3942 675 4013 267‚Jono,«injuriatbalominostri.»
724 3940 1006 4011 gradimur-serata,
1022 3942 1242 3998 mausueta.-

158 4048 193 4061 -
201 4022 347 4089 Conpurat,
360 4031 444 4092 parat.
455 4024 615 4091 -Ιπᾰιζπο,
629 4020 675 4093 qui
724 4024 831 4085 Hostis,
842 4025 979 4091 othospes.
988 4022 1042 4076 Hic
1051 4023 1123 4077 lusus
1131 4063 1139 4091 ,
1148 4022 1176 4076 in
1188 4041 1243 4093 quo

160 4098 222 4155 talia
240 4118 297 4155 non
310 4101 471 4155 merebatur.
481 4129 515 4143 -
525 4104 675 4172 Metumque.
723 4100 763 4156 ris
774 4102 859 4171 inest,
872 4102 970 4173 placuit
986 4103 1067 4158 etiam
1084 4102 1177 4169 Livio,
1195 4102 1242 4173 qui

163 4257 262 4327 lemque
272 4278 280 4312 .·
293 4258 373 4329 idque
387 4268 477 4314 tuetur
490 4258 571 4315 etiam
582 4260 675 4313 Burro.
724 4288 757 4303 ··-·
764 4264 890 4317 Collotr'aei
895 4262 988 4318 Heius.
997 4262 1076 4317 unius
1085 4260 1185 4318 Medic
1194 4278 1241 4313 au·
