3025 5009
426 488 850 561 FASTORUM'LIB.
881 492 937 560 11.
1166 493 1227 556 105

156 628 248 703 Sicut
263 655 362 730 aper,
381 625 472 713 silvis
488 627 590 725 longe
607 630 831 705 Laurentibus
846 649 959 719 actus,

200 742 375 819 Fulmineo
391 745 512 821 celeres
529 746 671 847 dissipat
687 775 743 821 ore
762 774 878 835 canes3

154 859 361 934 Mox'tamen
377 859 449 961 ipse
467 861 579 961 perit:
600 863 647 937 sic
664 891 735 937 non
751 863 943 937 moriuntur
960 861 1081 954 inulti;

199 974 414 1077 Vulneraque
432 974 559 1051 alterna
574 976 719 1078 dantque
737 978 917 1081 femntqne
932 1006 1044 1055 manu.

153 1094 227 1165 Una
245 1091 318 1165 dies
334 1092 459 1167 Fabios
474 1093 515 1166 ad
533 1091 659 1167 bellum
678 1096 813 1171 miserat
827 1126 966 1187 omnes,
1182 1116 1232 1171 235

198 1209 254 1301 Ad
270 1208 397 1283 bellum
414 1209 537 1283 missos
551 1208 701 1309 perdidit
716 1241 783 1285 nna
801 1212 881 1287 dies.

153 1327 200 1399 Ut
214 1344 326 1399 tamen
346 1324 518 1401 Herculeae
535 1342 747 1425 superessent
763 1326 888 1400 semina
905 1326 1033 1423 gentis,

202 1441 371 1516 Credibile
388 1460 440 1517 est
456 1442 551 1544 ipsos
566 1441 773 1517 consuluisse
790 1444 892 1517 Deos.

151 1562 237 1636 Nam
253 1588 338 1661 puer
354 1560 529 1662 impubes,
547 1577 582 1634 et
596 1559 705 1635 adhuc
718 1588 789 1632 non
805 1557 899 1632 utilis
911 1559 1033 1648 armis,

200 1680 298 1752 Unus
317 1678 357 1753 de
374 1678 479 1753 Fabia
496 1693 595 1773 gente
610 1676 746 1751 relictus
764 1693 858 1751 erat:
987 1690 990 1693 ’
1182 1698 1234 1768 240

154 1793 289 1869 Scilicet
304 1812 344 1869 nt
359 1822 477 1895 posses
495 1793 573 1867 olim
593 1810 646 1882 tu,
665 1793 831 1880 Maxime,
849 1796 961 1884 nasci;

202 1909 268 1982 Cni
283 1937 336 1984 res
354 1909 543 1984 cunctando
560 1907 765 1985 restituenda
782 1906 879 1981 foret.
940 1959 944 1970 .

153 2026 391 2118 CONTINUATA
406 2026 483 2101 loco
502 2026 563 2100 tria
581 2024 707 2113 sidera,
727 2023 858 2097 Corvus
872 2039 905 2095 et
922 2024 1071 2120 Anguis,

201 2144 249 2215 Et
264 2142 394 2217 medius
414 2144 530 2216 Crater
547 2142 634 2216 inter
651 2159 830 2243 utrumque
843 2140 940 2240 jacet.

186 2308 243 2361 231.
258 2308 399 2360 hmntes
416 2312 476 2374 apri
489 2308 585 2377 passim
603 2326 668 2360 me·
717 2317 780 2360 ante
792 2306 887 2359 urbem
895 2304 1032 2360 conditam
1043 2305 1113 2359 inter
1123 2300 1232 2361 Romuli

152 2397 302 2443 morantur.
317 2387 388 2441 Vide
408 2387 503 2441 Heius.
521 2386 553 2439 ad
571 2386 598 2441 h.
610 2387 627 2440 Ι.
640 2396 667 2440 et
716 2396 743 2440 et
760 2386 840 2439 Remi
857 2385 968 2439 comites
991 2384 1085 2452 fuisse,
1105 2397 1183 2457 atque
1199 2388 1232 2440 ab

153 2464 241 2519 Bentl.
255 2464 288 2517 ad
300 2464 460 2530 Horatium,
473 2464 559 2533 Epod.
571 2463 612 2531 V,
626 2467 666 2518 28.
714 2468 825 2519 Hercule
844 2485 876 2518 ex
895 2465 1014 2518 Evandri
1037 2465 1091 2519 filia
1110 2468 1233 2537 prognati

152 2544 228 2597 Bene
241 2542 322 2611 igitur
340 2542 434 2596 Heius.
453 2544 621 2595 haustibus
636 2560 668 2595 ex
715 2563 772 2598 esse
784 2541 963 2597 tradebantur.
972 2543 1151 2614 VidPighius
1158 2545 1231 2599 Ann.

153 2620 259 2674 duobus
271 2620 371 2673 Matar.
390 2620 494 2675 duobus
513 2622 621 2674 Farnes.
640 2630 668 2673 et
716 2622 748 2676 ad
760 2642 782 2675 a.
794 2624 852 2692 473.
865 2624 932 2675 -A
945 2622 1026 2689 Silio,
1040 2626 1151 2678 Penates
1161 2626 1233 2677 Iler-

117 2720 125 2731 ·
153 2719 208 2753 nno
222 2699 308 2753 Vatic.
327 2699 474 2767 revocavit,
489 2718 573 2770 quum
590 2708 668 2753 antea
715 2703 786 2753 celei
795 2702 940 2766 rirrplerisse
951 2705 1055 2768 priuata
1075 2711 1163 2754 castra
1184 2701 1231 2755 di-

151 2782 288 2833 latratr'bus
299 2777 432 2833 ederetur.
442 2806 476 2819 ·—
486 2781 614 2833 Macrim
626 2798 669 2831 ore
716 2788 823 2833 cuntur.
833 2806 867 2819 ·-
880 2782 938 2833 Nor
957 2784 1030 2833 utilr's
1048 2784 1143 2842 amb,
1166 2781 1232 2833 Ho-

152 2862 271 2927 dissipat.
287 2858 329 2911 Ct
342 2859 354 2911 Ι
363 2858 431 2912 Met.
439 2862 504 2923 3053
518 2860 600 2925 Vlll‚
611 2860 668 2931 289.
715 2857 814 2922 ratius,
824 2858 837 2911 Ι
846 2896 854 2923 ,
864 2856 919 2911 Od.
929 2873 988 2924 111,
998 2862 1044 2924 4²,
1057 2856 1155 2911 Curius
1161 2863 1235 2913 utilis

184 2938 244 2989 23⁵.
265 2936 425 2990 ininteritu
442 2955 533 2991 rerum
552 2956 666 3007 magna-
716 2937 791 2989 bello.
802 2962 837 2973 -
852 2934 946 2987 ldonei
959 2936 1039 2987 amis
1056 2935 1172 2990 serendis
1179 2957 1233 3004 pu-

152 3034 215 3068 rum
226 3017 366 3085 scriptores
385 3015 445 3069 talia
462 3027 555 3079 notare
572 3015 666 3069 solent
715 3018 761 3068 bes
771 3014 903 3069 dicuntur.
917 3014 1020 3081 Livius,
1034 3015 1122 3084 Vlll,
1136 3019 1166 3082 8,
1176 3037 1232 3085 pn-

152 3093 210 3146 Liv.
225 3095 238 3147 Ι
249 3112 311 3165 ,29,
321 3093 355 3148 de
366 3094 440 3148 Albae
454 3092 570 3147 excidio:
581 3116 593 3139 α
604 3094 668 3147 Una
715 3096 846 3145 sescentas
856 3096 896 3145 ad
905 3096 1032 3145 militm.

152 3192 168 3220 ι
181 3170 248 3225 bora
260 3171 517 3241 quadringentorum
533 3190 668 3225 annorum
756 3171 901 3238 ald-abb.
927 3173 1006 3225 Ortus
1027 3176 1103 3226 enirm
1123 3176 1235 3227 siderum

152 3272 168 3297 a
181 3250 484 3320 opusexcidioacruinis
493 3248 573 3304 dedit
587 3274 601 3297 n
612 3250 667 3305 Sed
716 3249 890 3322 ecronycbius
904 3268 911 3302 ι
923 3268 1039 3319 quorum
1051 3252 1126 3321 origo
1140 3272 1236 3305 nerra-

152 3348 228 3383 nunc
244 3330 316 3384 lustu
328 3330 355 3387 iu
368 3328 465 3399 duplici
481 3350 534 3383 nra
550 3333 606 3383 dies
621 3350 669 3401 pa-
717 3333 932 3398 tum-Aquis,
946 3330 1236 3403 scilicethydrs,canda

70 3416 76 3429 ·
151 3424 216 3459 nrm
228 3405 320 3474 piacet.
330 3405 405 3474 Quid
416 3407 489 3459 enim
495 3408 604 3473 mirum,
615 3426 669 3461 una
719 3406 850 3461 Centauri
861 3419 940 3477 capnt
958 3426 1035 3478 pene
1051 3418 1158 3478 tegens,
1175 3420 1233 3464 su's·

153 3484 198 3539 die
211 3486 269 3539 illos
280 3504 336 3539 esse
353 3484 443 3540 missos
460 3486 492 3539 ad
505 3486 623 3539 bellum?
636 3514 670 3528 -·
718 3488 785 3541 tinet
800 3488 828 3541 in
843 3487 922 3544 dorso
933 3509 1046 3551 comune,
1068 3501 1156 3544 rostro
1169 3510 1234 3545 oor-

153 3561 198 3615 De
206 3582 258 3616 uro
266 3563 348 3616 Fabio
355 3574 458 3617 serrato
463 3576 546 3618 veter.
555 3584 670 3619 consen·
718 3566 999 3634 pusejustundentem
1011 3580 1039 3621 et
1049 3568 1237 3622 cratero-Sic

152 3642 235 3695 tiunt.
248 3641 369 3715 Dubium
380 3656 469 3699 movet
482 3644 608 3716 Dionys,
622 3644 670 3697 sed
718 3641 762 3695 illa
774 3648 923 3697 contemta
933 3647 997 3705 loco,
1007 3644 1166 3699 coherentia
1175 3646 1235 3699 nul-

153 3720 259 3775 frutra
269 3719 299 3773 Si
306 3724 378 3775 enim
388 3732 433 3788 ,ut
443 3741 523 3792 supra
533 3733 670 3777 ostensum
719 3720 746 3773 lo
757 3720 905 3775 intervallo.
914 3722 977 3776 vid.
985 3723 1086 3795 Hygin.
1095 3724 1127 3776 P.
1137 3723 1170 3777 A.
1181 3723 1235 3791 ΙΙΙ,

155 3808 213 3865 est,
231 3800 306 3869 pauci
317 3811 423 3855 tantum
436 3802 509 3855 Fabii
528 3801 555 3855 id
570 3802 669 3855 bellum
718 3800 768 3872 ³9³
783 3799 900 3854 fabulam
914 3812 1005 3855 autem
1017 3802 1104 3867 idem,
1122 3802 1165 3868 ll,
1184 3805 1236 3871 40,

154 3888 344 3945 susceperunt,
358 3878 416 3932 lieri
428 3878 502 3934 facile
519 3879 621 3948 potnit,
640 3888 670 3932 ut
719 3880 953 3933 narrat-Helm
963 3885 1175 3949 mistumque,
1193 3882 1237 3935 in-

153 3952 193 4005 illi
203 3954 244 4006 vel
255 3972 310 4008 non
323 3957 372 4011 nisi
382 3976 467 4009 unum
479 3956 565 4011 fitium
577 3958 667 4027 impu·
718 3968 761 4011 ter
770 3977 881 4012 corvum
895 3959 1007 4013 caudam
1014 3958 1107 4033 hydra
1119 3960 1236 4015 tunden-

154 4029 403 4087 berembabuerint
412 4072 420 4101 ,
430 4034 472 4087 vel
484 4033 584 4103 plures,
593 4053 669 4103 quo·
718 4045 774 4088 tem
784 4046 813 4088 et
825 4047 904 4105 caput
920 4036 1012 4108 hydro
1024 4038 1236 4093 elatum-Pro

155 4126 218 4161 rum
231 4127 300 4163 unus
312 4121 416 4165 tantum
434 4111 467 4165 ed
481 4112 583 4165 virilem
600 4123 669 4167 teta-
710 4112 865 4183 Jircetnnus
879 4116 964 4169 Vatic.
975 4120 1066 4180 micat,
1084 4115 1157 4185 qnod
1172 4134 1237 4170 sene

156 4196 213 4241 tem
226 4191 384 4257 pervenerit.
398 4189 460 4245 Vid.
474 4192 595 4246 Perizon.
606 4192 670 4245 Ani·
718 4204 791 4249 recte
810 4194 941 4250 desidere
953 4196 1059 4251 dicitur.
1076 4196 1131 4251 Sed
1143 4194 1235 4250 credi-

156 4266 227 4321 mad.
239 4268 299 4325 hist.
311 4290 367 4341 cap.
380 4276 403 4327 5.
415 4272 491 4328 Fabii
506 4284 596 4329 autem
615 4274 670 4343 jam
718 4273 770 4329 bile
782 4283 831 4343 est,
840 4286 958 4345 poetam,
967 4294 1052 4345 quum
1061 4275 1113 4331 boc
1122 4274 1234 4329 verbum
