3025 5009
277 443 345 530 504
676 445 959 514 excussus
1069 493 1074 502 .

412 646 545 718 Tempore
560 645 624 701 item
636 658 711 703 certo
721 667 825 703 roseam
839 651 943 702 Matuta
955 666 1004 718 per
1016 664 1076 702 om

410 746 529 802 AEtherie
542 748 675 801 Auroram
688 747 792 816 defert,
809 757 837 803 et
847 747 949 803 lumina
962 745 1072 817 pandit;

278 934 410 1007 Matuta
436 951 475 1007 ut
491 943 551 1016 ἠὼς
580 933 772 1008 Graecorum
798 931 864 1006 (liei
892 929 1035 1031 primam
1051 925 1160 1001 lucem
1182 922 1356 1019 designat,

279 1047 359 1144 (die
374 1047 515 1147 Frate)
537 1068 570 1124 et
586 1051 672 1124 hanc
688 1077 800 1122 reram
816 1047 908 1122 verbi
924 1046 1101 1121 notionem
1119 1069 1191 1118 esee
1206 1051 1357 1137 cog'natae

277 1191 376 1238 voces
393 1184 426 1239 et
444 1166 734 1261 grammaticorum
754 1165 943 1240 testimonia
962 1162 1098 1237 docent.
1112 1158 1245 1233 Nonius
1260 1159 1357 1230 Mar-

279 1279 382 1357 cellus
398 1313 406 1355 :
422 1311 547 1358 inunum
564 1283 673 1358 dixere
686 1281 828 1370 clarum,
843 1281 934 1356 unde
949 1281 1049 1355 etiam
1064 1305 1165 1352 mane
1172 1293 1252 1384 post
1264 1291 1358 1349 tene·

277 1394 360 1470 bras
367 1394 434 1470 diei
445 1395 550 1497 prima
560 1426 656 1499 pnrs;
671 1397 749 1470 inde
759 1397 909 1482 Matuta,
927 1423 1001 1496 quae
1014 1393 1139 1467 Grecis
1148 1389 1358 1475 Leucothea3

279 1528 313 1584 ct
326 1511 486 1588 Priscian.
507 1515 561 1603 ll,
579 1543 654 1614 pag.
680 1514 772 1613 591,
795 1511 933 1587 Puteoli.
958 1513 1091 1586 Matuta
1107 1506 1272 1604 significat
1284 1507 1360 1578 Au-

278 1655 400 1704 roram.
423 1631 614 1706 Matutt'nnm
636 1647 754 1731 tempus
777 1628 855 1703 inde
879 1626 1045 1717 elici,vi1
1067 1621 1275 1698 monendum
1295 1638 1357 1695 est.

281 1745 389 1841 Quod.
399 1747 427 1822 si
444 1748 548 1843 igitur
562 1747 631 1823 haec
648 1747 753 1850 prima
771 1746 842 1845 ejus
857 1745 954 1818 notio
971 1761 1060 1832 erat,
1082 1760 1124 1818 ut
1134 1741 1277 1842 primam
1292 1739 1360 1814 (liei

279 1859 387 1937 lucem
403 1865 612 1964 designaret,
637 1883 671 1940 et
687 1865 768 1938 inde
782 1865 935 1952 Matuta,
957 1861 993 1934 id
1010 1879 1084 1949 cst,
1103 1858 1230 1944 menta,
1255 1860 1360 1960 splen·

279 1975 375 2066 dida,
403 1978 474 2077 (ut
490 1980 594 2056 solem
612 1981 720 2056 Graeci
738 1988 854 2078 φοῖὸον,
871 1977 1103 2083 splendidum,
1120 1974 1359 2078 appellabant)

280 2095 464 2188 diecentum
488 2098 584 2174 facile
607 2100 772 2199 conjicere
795 2099 894 2189 lieet,
912 2096 1087 2199 quomodo
1107 2122 1183 2170 cum
1205 2102 1360 2186 Λευκοθέᾳ

284 2213 474 2288 Graecorum
493 2231 694 2290 commutata
712 2215 778 2303 sit,
797 2213 850 2290 cui
872 2210 1123 2288 commutationi
1145 2211 1237 2286 haud
1257 2209 1359 2284 dubie

281 2331 429 2404 nominis
449 2331 647 2427 significatio
666 2360 781 2408 ansam
804 2331 994 2433 praebebam
1019 2357 1099 2403 mox
1120 2329 1187 2403 dici
1211 2345 1359 2429 ceptum

281 2463 334 2518 est
346 2447 568 2521 Leucotheam
582 2476 658 2521 cum
669 2449 802 2522 Matuta
811 2444 959 2520 eamdem
968 2473 1054 2532 esse,
1070 2439 1235 2516 etsabulae
1247 2469 1361 2538 graece

281 2559 323 2632 (lc
339 2561 402 2634 Ino
418 2560 487 2636 sire
502 2562 694 2638 Leucothea
709 2562 752 2636 ad
773 2559 928 2636 Matralia
943 2559 1042 2634 etiam
1060 2585 1197 2630 romana
1218 2555 1358 2630 transire

281 2693 409 2748 mature
439 2687 638 2776 coepemnt,
671 2693 711 2748 ut
739 2675 933 2750 ceremonia
961 2675 1062 2774 hujus
1089 2672 1166 2748 sesti
1195 2669 1360 2746 solemnes

281 2791 403 2890 (nasu.
418 2794 491 2881 Vl,
509 2793 619 2892 481),
638 2794 682 2868 ael
696 2797 782 2868 Inus
794 2791 944 2868 fabulam
956 2790 1179 2879 alludentes,
1194 2807 1229 2864 et
1246 2815 1360 2886 graece

281 2909 418 3010 proprie
431 2909 571 3005 originis
587 2909 698 3011 (Plnt.
715 2911 844 3009 Qnaest.
858 2940 943 2985 rom.
964 2909 1049 3002 16),
1066 2926 1180 3009 aperte
1193 2907 1357 3010 pmdunt.

282 3024 368 3120 Quae
390 3024 419 3097 si
438 3025 628 3098 emmoniae
646 3023 687 3098 ad
709 3026 822 3124 ipsum
838 3023 989 3097 Servium
1012 3023 1127 3125 templi
1150 3023 1360 3097 conditorem

281 3137 485 3235 adsurgunt,
504 3137 724 3240 interpolatio
741 3166 845 3235 graeca
862 3138 930 3212 hoc
949 3139 1024 3239 ipso
1040 3137 1108 3236 (ut
1123 3167 1159 3214 re
1174 3165 1251 3211 vera
1263 3137 1361 3212 vitle-

282 3254 372 3352 tur)
397 3254 568 3356 antiquior
592 3281 663 3332 esse
690 3253 798 3328 debet.
829 3252 954 3330 Cultus
973 3251 1177 3331 Volscorum
1201 3281 1244 3327 an
1266 3281 1361 3327 more

282 3399 388 3469 greco
406 3370 592 3446 celebratus
609 3372 673 3458 sit,
690 3400 762 3446 non
777 3387 926 3472 apparet.

329 3491 371 3564 ln
381 3489 505 3566 sabinae
516 3488 625 3586 gentis
634 3487 849 3575 numinibus,
863 3488 965 3586 hujus
972 3485 1081 3581 gentis
1093 3504 1212 3562 unctor
1220 3485 1358 3570 Sancus,

282 3605 327 3678 ob
345 3602 506 3706 templum
523 3601 615 3705 qnod
634 3603 750 3675 Romae
766 3599 908 3689 habuit,
931 3618 965 3675 et
982 3599 1090 3674 varias
1106 3601 1179 3699 ejus
1195 3600 1362 3701 interpre-

282 3721 423 3796 tationes
440 3720 568 3796 celeber
585 3737 655 3809 est;
674 3719 793 3818 (Fast.
810 3721 879 3806 Vl,
900 3715 992 3806 213,
1012 3719 1121 3815 214).
1141 3717 1194 3790 De
1212 3713 1363 3817 popula·

280 3835 366 3916 rium
383 3836 475 3910 cultu
492 3835 584 3912 locus
601 3833 743 3932 insignis
760 3833 852 3937 apud
876 3833 936 3907 Sil.
959 3833 1066 3919 Vlll,
1085 3834 1172 3924 421.
1193 3831 1310 3918 Ibunt,
1329 3846 1362 3905 et

279 3951 348 4025 teo'
356 3978 435 4051 pers
447 3951 583 4026 Sancum
599 3977 674 4026 voce
691 3950 841 4025 canebant
851 3949 1022 4026 Auctorem
1029 3948 1146 4048 gentis,
1161 3974 1240 4047 pars
1251 3945 1360 4020 londes

279 4066 495 4164 oreserebont,
516 4068 614 4156 Sabe,
627 4083 697 4141 tuus
709 4084 771 4142 etc.
783 4063 871 4142 Coll
884 4067 1083 4154 Lactantsl,
1101 4084 1161 4154 xv,
1178 4067 1208 4162 §.
1222 4063 1266 4151 8;
1282 4063 1360 4163 qni,

277 4199 317 4255 ut
331 4183 483 4256 Faunum
499 4180 625 4272 latinae,
642 4182 824 4280 Quirinum
838 4209 999 4270 romana,
1016 4180 1061 4254 ita
1076 4180 1221 4256 Sancum
1234 4179 1359 4260 sabina
