3025 5009
436 451 494 517 ru
519 450 712 520 0v1n11
735 449 963 520 essuos.
1037 552 1045 576 ¹
1172 456 1234 550 49¹

191 627 195 633 ’
293 611 497 684 Semnstamque
509 613 594 668 facem
606 613 712 684 vigilata
723 625 803 669 nocte
817 613 903 669 viator

345 704 449 772 Pouet,
462 715 490 758 et
505 702 538 758 ad
551 703 659 758 solitum
673 705 786 759 rusticus
800 706 849 759 ibit
862 724 942 775 opus;

292 791 412 846 Pleisdes
423 793 554 864 incipiunt
566 793 693 850 humeros
706 793 824 850 relevare
836 805 977 866 paternos,
991 805 1040 850 ete.

161 934 247 1004 Fusa
262 928 485 1033 descriptione
500 951 631 1036 tempus
648 934 853 1009 matutinum
867 935 1013 1025 indicat,
1033 937 1095 1010 ubi
1111 967 1239 1041 vesper·

162 1046 252 1119 tinus
269 1064 321 1121 est
338 1075 486 1124 occasus.
502 1048 554 1122 Cf.
573 1049 671 1123 Pfaff.
690 1077 725 1151 p.
743 1047 790 1120 63
807 1067 843 1124 et
857 1048 916 1144 64.

208 1163 297 1236 Fast.
315 1163 358 1251 V,
379 1161 460 1257 545.
488 1166 631 1239 Noctem
657 1165 812 1239 contrahi
828 1185 862 1240 et
883 1166 1040 1263 aufugere
1064 1166 1166 1241 solito
1190 1170 1239 1241 ci—

160 1277 226 1352 tius
251 1277 360 1354 sidera
382 1308 524 1371 canens,
549 1299 589 1356 ut
605 1310 683 1356 mox
703 1281 928 1384 pulcherrima
942 1283 1065 1359 Martis
1081 1303 1239 1386 appareat

159 1393 233 1483 lux,
249 1396 304 1472 his
317 1396 429 1471 verbis
445 1397 578 1476 utitur:

292 1567 347 1622 sed
360 1567 425 1638 qnid
438 1579 466 1622 et
480 1567 567 1623 Orion
581 1577 608 1623 et
622 1579 716 1625 catera
727 1569 816 1624 sidera
825 1570 928 1624 mundo

339 1657 444 1713 Cedere
457 1658 601 1726 festinant,
616 1678 721 1730 noxque
735 1670 851 1716 coarctet
862 1659 934 1715 iter?

159 1801 205 1873 ita
222 1817 260 1874 ut
279 1799 407 1890 Orion,
426 1829 521 1876 mane
532 1801 685 1877 occidens
700 1861 709 1894 ,
727 1831 882 1878 oceasum
898 1802 1055 1878 festinare
1070 1804 1247 1892 rideatur,¹

158 1916 217 1991 sed
231 1916 302 2016 jam
316 1917 367 1992 die
380 1945 403 2018 9
416 1919 527 2020 April.
542 1921 631 1994 Fast.
649 1921 710 2008 IV,
725 1917 818 2021 387,
836 1919 956 2021 prime
969 1919 1041 2018 ejus
1053 1937 1164 2019 partes
1183 1950 1239 1993 ve-

158 2032 248 2134 speri
265 2032 471 2122 occiderant,
490 2052 529 2109 ut
547 2033 690 2110 Ovidius
703 2034 750 2108 ibi
768 2033 982 2137 explicandus
1001 2051 1081 2108 este
1098 2029 1209 2108 Plinio
1227 2066 1235 2107 z

157 2151 245 2223 Non.
262 2151 347 2250 Apr.
368 2183 386 2216 «
409 2151 519 2225 Orion
536 2171 570 2226 et
588 2151 728 2226 Gladius
746 2151 817 2251 ejus
832 2149 1000 2252 incipiunt
1015 2151 1198 2242 abscondi,
1218 2187 1235 2218 »

159 2283 192 2338 et
209 2263 263 2338 die
283 2291 322 2336 11
345 2264 428 2338 Maii
447 2263 583 2366 reliques
602 2267 672 2366 ejus
690 2285 803 2368 partes
826 2285 947 2342 secute
970 2285 1064 2342 erant
1081 2269 1168 2342 Fast.
1187 2271 1236 2359 V,

160 2379 230 2481 493
242 2398 276 2456 et
292 2381 364 2482 494
384 2381 452 2480 (cf.
467 2381 567 2455 Pfaff.
586 2410 620 2483 p.
644 2381 738 2476 84),
756 2383 803 2456 ita
819 2401 859 2456 ut
875 2413 916 2457 ne
931 2385 1060 2487 vesperi
1077 2384 1236 2485 quidem,

157 2496 280 2573 nedum
298 2516 509 2599 pernoctem
533 2515 567 2572 et
589 2525 697 2584 moue,
724 2498 816 2599 quod
842 2497 987 2572 Ovidius
1010 2499 1107 2589 vult,
1131 2501 1237 2576 ullum

158 2614 299 2690 Orionis
315 2614 492 2711 vestigium
509 2613 544 2689 in
562 2613 641 2689 caelo
660 2632 769 2704 esset,
788 2633 933 2716 quatuor
945 2614 1064 2689 diebus
1080 2635 1160 2716 post
1178 2647 1237 2692 oc-

160 2759 273 2806 casum
301 2729 372 2829 ejus
391 2730 617 2831 uespertinum
633 2759 642 2803 ε
661 2729 768 2806 Locus
782 2732 952 2806 luculenter
966 2733 1032 2834 ejus
1057 2732 1236 2832 irnpen'trirm

158 2852 314 2948 arguens!

208 2961 259 3036 Cf.
275 2960 411 3062 insuper
425 2963 493 3052 Ill,
506 2961 598 3055 403,
618 2991 692 3064 quae
702 2963 770 3038 huc
783 2963 883 3039 etiam
896 2963 1075 3066 pertinent.
1094 2965 1236 3064 Majoris

157 3077 224 3152 sere
246 3079 408 3152 momenti
424 3095 503 3152 suut
525 3105 562 3152 ea
580 3077 670 3167 ioca,
690 3079 750 3153 ubi
776 3108 930 3157 oceasum
953 3080 1053 3154 etiarn
1070 3100 1105 3155 et
1125 3098 1236 3155 ortum

157 3196 356 3270 commutari
383 3194 512 3270 nullum
543 3195 684 3271 dubium
706 3214 767 3274 est.
795 3199 837 3271 ln
853 3196 908 3272 his
930 3199 1029 3273 etiam
1052 3197 1135 3274 loeis
1158 3227 1235 3273 raro

158 3331 291 3416 poetam
303 3314 548 3388 emendandum
559 3342 745 3406 censerem,
762 3332 796 3390 et
809 3316 923 3417 potius
932 3317 1050 3392 vitium
1067 3317 1236 3395 interdum

158 3432 229 3530 ejus
243 3431 470 3530 negligentia,
488 3430 541 3505 vel
556 3431 647 3506 vitiis
661 3433 697 3506 in
715 3432 786 3533 ejus
799 3432 951 3507 sontibus
965 3434 1157 3525 tribuerim,
1173 3435 1236 3508 ubi

157 3548 251 3624 facile
262 3579 356 3625 voces
369 3577 499 3651 semper
508 3567 716 3628 recurrentes
729 3551 830 3626 oritur
841 3569 876 3626 et
884 3552 994 3626 occidit
1007 3552 1132 3654 passim
1143 3579 1235 3626 eom-

156 3685 290 3742 mutatae
308 3695 379 3743 esse
396 3686 562 3769 poteraut.
583 3677 591 3709 ¹

192 3844 200 3873 ¹
218 3841 356 3912 Nusquam
374 3841 433 3896 sere
450 3839 616 3910 frequentius
632 3841 671 3894 ti·
719 3839 799 3894 hodie
812 3840 868 3896 hec
874 3840 962 3896 critica
970 3842 998 3895 in
1007 3842 1235 3914 parapegmatibus

157 3921 307 3974 brariorum
319 3921 473 3976 oscitatione
484 3918 672 3976 commutatio-
719 3919 810 3988 grecis
817 3918 1074 3987 exercendaest,ubi
1080 3920 1159 3974 rerba
1166 3926 1233 3995 ἑῷος,

158 4017 206 4052 ues
218 4008 246 4053 et
261 3998 460 4069 depravationes
479 3999 602 4053 admissas
615 4017 670 4054 esse
719 4004 834 4077 ι’σκίμος,
851 4006 929 4067 Nure,
947 4011 989 4057 set
1003 4005 1112 4057 r‘aeesmn
1127 4021 1234 4074 semper

160 4095 239 4145 quam
254 4077 283 4130 in
301 4077 361 4132 loeis
374 4117 381 4144 ,
396 4077 442 4132 ubi
455 4076 535 4131 verba
550 4076 671 4147 quedam
719 4089 869 4132 recurrunt.
890 4080 990 4149 Aperta
1009 4082 1182 4135 commutatio
1204 4080 1234 4135 in

159 4173 241 4223 penca
254 4153 411 4224 frequenter
430 4165 573 4209 recurrunt
588 4195 596 4222 ,
614 4155 671 4210 du·-
719 4157 837 4212 Gemino
849 4158 967 4214 Piscium
981 4163 1011 4229 sl,
1023 4179 1030 4214 ι
1041 4167 1173 4230 Euserium
1187 4169 1233 4217 te-

160 4233 225 4285 dum
238 4252 252 4286 e
263 4233 358 4288 criticis
374 4233 544 4290 observatum
559 4245 605 4290 est.
634 4234 670 4290 Er
718 4261 758 4298 sse
770 4243 823 4311 ι’ῷος
836 4244 915 4306 us«,
926 4238 998 4309 quod
1008 4241 1232 4295 mutandumesse
