3025 5009
311 457 377 550 490
704 455 992 524 EXCURSUS

308 597 411 671 verbo
431 593 564 699 quidem
580 593 766 684 indicatur,
783 613 817 669 et
833 594 893 669 ubi
911 594 1012 670 iidem
1027 621 1162 670 occasus
1178 598 1320 695 junctim
1330 629 1384 674 re-

308 730 446 787 currunt
461 711 617 811 (causam
632 739 731 813 supra
745 711 893 807 tentavi)
911 713 963 797 tl,
983 709 1045 810 57,
1064 711 1166 784 verba
1182 711 1255 810 ejus
1270 732 1382 814 aperte

307 828 477 917 indicant,
495 845 628 929 poetam
649 843 823 927 utramque
851 826 980 902 stellam
1004 843 1079 900 toto
1098 826 1177 901 eaelo
1206 828 1385 905 distantem

309 945 406 1020 simul
426 943 598 1033 occidere,
616 943 819 1018 credidisse:

442 1099 491 1156 illa
504 1111 582 1155 noete
596 1101 688 1170 aliquis
700 1099 795 1154 tollens
808 1098 841 1152 ad
855 1097 941 1153 sidera
955 1098 1058 1154 vultum

490 1191 587 1247 Dicet:
600 1191 655 1246 Ubi
668 1201 707 1246 est
720 1189 817 1258 hodie,
834 1209 893 1260 qun
907 1191 976 1263 Lyra
988 1189 1062 1245 tutati
1073 1189 1151 1244 heri?

436 1283 565 1353 Dumque
578 1282 676 1356 Lyram
691 1290 807 1353 queret,
822 1281 905 1336 medii
916 1301 1023 1353 quoque
1035 1293 1106 1351 terga
1116 1281 1212 1336 Leonis

490 1375 524 1428 In
537 1373 649 1444 liquidas
660 1377 746 1428 subin
758 1392 845 1428 mersa
856 1372 955 1428 videbit
967 1391 1056 1442 aquas.

356 1515 493 1588 Vertere
511 1512 627 1602 liceat,
654 1543 727 1616 que
752 1517 941 1592 Kasmerus
962 1513 987 1590 1.
1005 1542 1034 1588 c.
1053 1515 1183 1610 egregie
1200 1513 1384 1588 disseruit:

311 1631 349 1703 si
366 1630 442 1731 quis
459 1629 583 1708 frustra
606 1635 727 1735 Lyram
744 1632 958 1736 quaesiverat,
980 1631 1100 1734 idque,
1118 1648 1157 1704 ut
1173 1648 1327 1732 apparet,
1350 1632 1389 1704 in

308 1745 378 1820 caeli
394 1764 488 1846 parte
505 1749 711 1849 vespertina,
736 1747 885 1823 converti
908 1748 999 1821 huuc
1021 1746 1155 1821 nonnisi
1181 1747 1384 1848 oportebat,

307 1879 347 1936 ut
364 1863 528 1938 orientem
547 1865 696 1939 videret:
714 1864 847 1966 poetice
863 1866 983 1960 igitur,
1000 1893 1070 1939 non
1095 1864 1177 1937 muri
1188 1864 1380 1948 immersum,

308 1978 366 2054 scd
378 1995 574 2082 emergentem
587 2009 606 2055 e
618 1983 704 2058 mari
714 1983 858 2057 videbat.
872 1981 978 2080 Quod
992 1981 1022 2054 si
1038 1997 1171 2055 noctem
1187 1977 1386 2081 pervigilare

306 2093 484 2186 voluisset,
498 2126 596 2172 mane
612 2099 746 2198 quidem
764 2098 889 2174 Leonis
905 2125 1058 2173 occasum
1074 2114 1222 2199 spectare
1235 2113 1381 2197 poterat.

306 2211 381 2286 Etsi
397 2231 507 2288 autem
534 2242 603 2288 uox
619 2217 755 2288 ineunte
777 2215 960 2290 Februario
983 2213 1179 2314 pervigilata
1199 2242 1269 2288 uon
1291 2239 1388 2315 reque

308 2326 410 2424 longa
426 2347 477 2404 cst
500 2329 537 2403 iu
560 2329 676 2418 ltalia,
694 2359 731 2404 ac
749 2330 837 2404 sorte
858 2331 1028 2429 Gottingae
1047 2331 1168 2418 fuerit,
1189 2330 1311 2406 dubito
1335 2349 1386 2405 ta·

308 2472 401 2533 men,
421 2475 463 2521 an
481 2448 579 2522 etiam
598 2451 716 2522 Romae
734 2447 775 2522 de
800 2448 936 2544 integre
954 2449 1064 2522 noctis
1089 2447 1262 2523 interuallo
1285 2447 1387 2522 subito

309 2563 374 2637 diei
393 2583 503 2665 queat.
525 2567 570 2639 Et
587 2566 717 2666 patebit
731 2566 800 2654 ita,
817 2565 999 2654 Ovidium,
1015 2565 1115 2670 lyra
1126 2581 1158 2639 et
1171 2565 1287 2640 honis
1297 2594 1386 2641 necn-

307 2708 374 2752 snm
396 2681 493 2755 simnl
514 2684 616 2768 cerni,
637 2711 711 2756 vere
736 2679 924 2756 credidisse.
951 2681 1118 2756 Occasum
1140 2681 1189 2756 ibi
1218 2680 1384 2784 duplicem

309 2825 398 2885 esse,
417 2796 614 2898 interpretes
626 2798 774 2873 breviter
784 2797 1009 2886 adnotarunt,
1025 2800 1089 2873 etsi
1100 2800 1155 2873 vix
1169 2799 1291 2901 aliquis
1307 2800 1385 2876 inde

309 2944 444 2989 sensum
461 2914 528 2990 loci
543 2915 624 2990 satis
641 2914 804 3017 pereipiat
820 2945 828 2988 ε
846 2913 903 2987 Eo
924 2915 1022 3015 magis
1045 2915 1259 3016 exponendum
1281 2931 1379 3002 esset,

310 3059 400 3132 qnam
411 3047 531 3133 prater
548 3048 689 3108 nntnrnrn
708 3033 827 3134 possein
850 3031 1024 3131 depinxerit
1039 3045 1151 3133 poeto,
1171 3033 1203 3104 in
1221 3033 1308 3134 cnjus
1321 3031 1383 3104 de-

309 3149 521 3247 scriptionibus
536 3150 612 3225 ule'bi
626 3179 686 3224 non
700 3150 818 3250 legere,
837 3147 896 3223 scd
907 3150 1006 3249 ipsum
1019 3164 1160 3224 nntnmrn
1171 3150 1284 3224 cntueri
1296 3150 1384 3223 nobr's

308 3264 499 3340 arbitramur.
516 3265 616 3342 Haud
629 3267 731 3342 dubie
749 3265 860 3341 stelias
876 3263 1013 3338 nonnisi
1025 3292 1044 3338 e
1056 3264 1169 3352 libris,
1187 3285 1318 3340 ceteras
1329 3294 1385 3338 res

310 3407 350 3452 cx
368 3381 441 3480 ipsa
457 3398 576 3455 natura
593 3381 765 3478 cognovit,
784 3400 819 3457 et
836 3381 942 3455 desuit
960 3408 1027 3454 uua
1044 3411 1062 3454 e
1079 3382 1279 3470 virtutibus,
1299 3410 1385 3482 quas

309 3494 345 3568 iu
361 3493 574 3570 Astronomis
589 3493 728 3570 laudat:
883 3495 886 3499 ’

441 3646 500 3698 Non
516 3645 600 3698 Venus
607 3683 616 3709 ,
630 3633 658 3698 et
669 3645 762 3698 vinum
774 3644 896 3700 sublimia
908 3657 1015 3716 pectora
1027 3643 1114 3714 tregit.

359 3765 411 3839 De
427 3763 501 3838 aliis
517 3763 600 3839 locis
619 3792 754 3839 mouere
779 3763 896 3854 liceat,
917 3763 978 3838 ubi
1005 3762 1118 3837 cadem
1143 3781 1193 3838 est
1210 3765 1389 3867 utriusque

312 3896 405 3951 ortus
422 3880 659 3988 commutatio,
684 3908 757 3981 que
779 3879 936 3955 lectorem
958 3879 1052 3953 facile
1069 3880 1105 3953 in
1124 3911 1268 3956 errorem
1288 3882 1389 3956 iudu-

312 4013 373 4068 cat.
393 3998 482 4070 Fast.
500 3998 560 4085 lv,
584 3995 756 4098 165-170:

443 4145 503 4199 Nox
516 4143 560 4199 ubi
575 4146 724 4214 transierit,
736 4125 882 4217 coriumque
893 4146 1032 4199 rubescere
1045 4148 1133 4217 primu

494 4233 627 4304 Coepcrit,
642 4247 671 4293 et
683 4248 758 4293 tactae
769 4257 828 4293 rure
843 4247 988 4306 querentur
999 4256 1074 4305 aves;
