3025 5009
340 427 409 497 336
620 394 1133 498 n'ovrn111tlsor1s

387 566 465 641 lloc
482 593 619 669 quoque
635 594 712 643 cum
728 566 808 644 circi
825 595 964 643 munere
981 597 1112 645 carmen
1128 587 1190 645 eat.
1368 604 1413 663 190

338 685 418 786 Ipsa
436 684 540 772 doce,
559 710 633 785 qoae
652 682 715 771 sis3
736 682 911 759 hominum
926 686 1086 760 sententia
1098 682 1219 759 fallax:

381 802 527 904 ‘Optima
547 818 584 875 tu
597 800 726 904 proprii
743 799 889 876 nominis
906 818 1024 875 auctor
1040 800 1115 875 cris.

339 917 397 993 Sic
413 945 495 1013 cg03
512 914 561 991 sic
577 916 703 991 nostris
717 914 894 1018 respondit
911 914 986 990 diva
1003 915 1149 1012 rogatu

385 1034 479 1113 Dum
494 1030 663 1136 loquitur,
680 1060 798 1107 runos
816 1030 905 1105 elilat
923 1030 964 1105 ab
983 1060 1040 1105 ore
1055 1058 1148 1105 rosas
1162 1058 1194 1113 ε,

339 1147 476 1227 Chloris
493 1177 602 1238 eram,
622 1169 696 1250 que
708 1146 808 1222 Flora
825 1176 945 1223 vocor:
960 1165 1118 1251 corrupta
1135 1146 1239 1221 latino
1371 1168 1416 1239 ¹9⁵

387 1264 543 1341 Nominis
558 1281 610 1340 est
625 1265 733 1339 nostri
746 1262 841 1338 litera
860 1292 963 1361 grues
982 1251 1076 1339 son'o.

341 1380 474 1457 Chloris
492 1410 600 1471 uam,
620 1381 776 1484 Nympho
791 1378 898 1483 campi
914 1380 1039 1470 felicis,
1057 1378 1117 1455 uti
1133 1376 1230 1453 audis

339 1546 445 1601 Verum
452 1545 565 1601 necludi
571 1545 667 1601 scenici
676 1544 704 1599 in
716 1544 787 1600 circo
795 1544 856 1600 lue·
904 1547 966 1601 darn
979 1546 1136 1615 adderetur,
1156 1546 1232 1601 finxit
1243 1546 1340 1617 deam,
1360 1568 1417 1619 qua

339 1646 386 1693 re,
405 1646 455 1681 nec
472 1625 514 1680 hic
533 1644 592 1680 mos
608 1626 726 1679 romanis
744 1625 811 1693 luit,
825 1635 856 1679 ut
902 1624 1012 1679 floribus
1024 1637 1161 1696 preesset,
1171 1644 1283 1696 comque
1293 1638 1416 1697 oportere

340 1703 374 1758 ad
392 1704 544 1775 clangorem
556 1703 627 1758 tube
640 1704 728 1774 palma
747 1722 856 1757 renun-
904 1704 1054 1775 placari,ut
1062 1703 1150 1776 fruges
1157 1724 1217 1759 eum
1228 1705 1368 1760 arboribus
1378 1708 1417 1760 ri-

339 1783 600 1837 simron-Mum
611 1782 692 1836 etiam
704 1780 737 1835 de
749 1781 817 1836 ludis
829 1792 856 1835 et
903 1784 1025 1853 titusque
1038 1784 1216 1839 florescerent.
1230 1784 1301 1854 Quoe
1310 1785 1417 1839 traditio

337 1860 497 1931 spectaculis.
507 1860 613 1913 Ernest.
624 1857 700 1913 Clas.
710 1856 798 1916 Cicer.
806 1858 856 1913 hoc
904 1858 1047 1927 ludorum,
1066 1861 1160 1929 quibus
1172 1862 1251 1915 Floro
1264 1862 1417 1927 colebptur,

338 1958 404 1993 voce
414 1979 422 2005 ,
431 1939 552 1992 observat
562 1956 668 2007 semper
678 1936 854 2008 degladiato-
903 1936 1004 1993 iascivia
1019 1938 1171 1992 confirmari
1190 1939 1304 1993 videtur.
1323 1939 1416 2010 Longe

338 2017 386 2071 riis
397 2015 466 2080 dici;
487 2015 618 2071 Ovidium
639 2026 747 2081 antem,
770 2032 855 2085 quum
904 2016 952 2072 alia
963 2028 1052 2071 autern
1064 2018 1177 2073 Ovidius
1188 2018 1285 2083 haben
1299 2038 1333 2073 eo
1345 2020 1417 2073 enirn

339 2096 460 2150 hocloco
471 2100 537 2149 cr'rcr'
549 2114 639 2148 munus
655 2094 767 2161 dixerit,
782 2095 857 2149 locu·-
904 2106 1010 2150 auctore
1019 2136 1026 2163 ,
1034 2096 1152 2168 nympha
1160 2097 1209 2150 tuit
1217 2097 1244 2149 in
1257 2098 1359 2167 campis
1370 2098 1417 2151 lor·

341 2186 400 2229 tum
411 2192 466 2227 esse
478 2172 779 2243 utpoetrm.Verurnin
792 2172 857 2225 Fto-
903 2174 1019 2241 torretis,
1035 2174 1098 2227 olim
1118 2177 1218 2228 Chlort's
1235 2174 1321 2241 dicta,
1338 2194 1417 2244 quarn

341 2252 544 2306 racircoetiam
553 2244 857 2305 v'enatoriiludidnbon-
904 2250 1044 2323 Zephyrus
1056 2250 1147 2317 duxit,
1164 2262 1191 2305 et
1205 2270 1301 2321 magns
1318 2252 1346 2305 in
1369 2251 1418 2304 flo-

339 2342 385 2384 tur
397 2351 406 2394 ;
420 2330 556 2397 ηαλμ.
568 2356 602 2371 -·
610 2332 673 2383 Cum
684 2334 751 2383 circr‘
758 2349 858 2383 marcere
903 2346 946 2383 res
953 2340 1080 2399 potestate
1091 2330 1175 2396 auxit,
1184 2348 1317 2400 quomque
1326 2330 1414 2399 Mors,

340 2425 441 2463 cumen
456 2418 501 2461 eat
518 2407 631 2462 lansius
642 2408 855 2478 interpretatur:
903 2408 1017 2477 quurnei
1023 2418 1111 2461 ortum
1118 2426 1197 2463 suum
1206 2407 1329 2475 deberet,
1341 2408 1417 2463 deam

341 2504 450 2542 carmen
461 2504 554 2540 meum
567 2485 767 2554 tibiolserotur,
781 2497 856 2540 tam·
904 2504 1043 2540 romanam
1062 2484 1131 2539 ferit.
1155 2486 1266 2539 Lenzius
1287 2504 1301 2539 e
1318 2486 1417 2541 Catulli

340 2583 421 2635 quam
436 2584 551 2633 munus,
568 2584 623 2619 una
638 2583 701 2619 cum
715 2564 856 2619 Circensi·
903 2565 1021 2619 carmine
1038 2563 1071 2617 de
1090 2564 1232 2617 Berenices
1252 2582 1328 2618 corne
1344 2566 1419 2621 colli-

340 2644 397 2697 bus.
414 2642 549 2713 Equidem
561 2642 654 2697 malirn
672 2642 808 2711 accipere,
825 2652 857 2695 ut
904 2642 956 2711 git,
967 2640 1082 2695 sahulem
1095 2640 1128 2694 de
1143 2640 1285 2709 Chloride,
1299 2642 1415 2716 Zephyri

342 2721 387 2787 ll,
401 2742 416 2774 o
428 2740 436 2774 ι
448 2723 525 2775 Alter
532 2730 561 2774 ut
574 2722 635 2773 dinc
645 2724 755 2781 mensis,
768 2724 808 2773 sr'c
820 2722 857 2771 Ir'-
904 2740 1001 2787 uxore,
1014 2720 1093 2775 luisse
1110 2721 1263 2791 antiquam,
1276 2740 1337 2774 eam
1355 2740 1418 2791 poe-

339 2802 385 2851 der
395 2800 462 2853 alter
469 2800 672 2860 eat—Auctor,
682 2796 856 2867 interpres·
904 2809 943 2853 tos
953 2798 1135 2852 alexandrinos
1144 2798 1176 2852 ad
1187 2798 1319 2852 Arsinoen
1331 2838 1339 2863 ,
1354 2801 1418 2853 Pto-

340 2878 444 2939 Rosas,
460 2875 574 2930 odorem
584 2894 722 2943 rosarum,
734 2874 856 2945 quiodor
903 2878 990 2933 lernaei
998 2877 1162 2949 Philadelphi
1172 2896 1295 2943 uxorem,
1303 2889 1418 2933 transtu·

341 2955 439 3009 mansit
447 2954 527 3008 etiam
537 2993 545 3020 ,
557 2954 603 3007 ubi
611 2954 741 3019 discessit;
750 2974 786 3007 vs.
797 2954 855 3024 376.
903 2958 961 3013 lisse
970 2997 978 3025 ,
988 2969 1015 3012 et
1022 2957 1151 3013 Ovidium
1157 2957 1226 3012 sorte
1236 2976 1251 3012 e
1261 2957 1418 3012 Callimachi

384 3036 509 3105 195·274·
520 3032 719 3087 Jucttnditsima
735 3030 855 3085 narratio
904 3037 1022 3091 carmine
1036 3042 1106 3093 Alere
1117 3034 1240 3091 hsusis'se.

341 3110 857 3179 deHoramqueetpoteseate.secun-
947 3118 1047 3169 Chloris
1062 3134 1131 3169 erant
1152 3126 1202 3170 etc.
1219 3118 1296 3169 Hora
1314 3134 1417 3170 nomen

341 3189 406 3243 dum
419 3192 572 3244 vermem
584 3188 618 3243 (le
631 3190 706 3259 laing-
725 3189 783 3242 Μ·
797 3188 854 3255 Ν,
904 3206 995 3266 aperte
1004 3196 1104 3249 habeta
1114 3196 1291 3259 floribus;sed
1305 3195 1418 3251 Ovidius

345 3286 391 3333 ro,
409 3266 460 3321 tuit
481 3268 589 3338 antiqua
604 3267 767 3321 Sabinorum
787 3265 853 3333 dea,
903 3274 960 3329 hac
969 3274 1063 3340 finxit,
1082 3285 1113 3328 ut
1131 3294 1146 3329 ρ
1164 3273 1292 3329 Chlor-ide
1310 3274 1417 3329 Floram

341 3344 416 3412 cujus
426 3345 528 3400 cultum
535 3348 569 3401 Τ.
577 3347 670 3405 Totius
683 3365 729 3401 rex
737 3346 854 3400 Romam
902 3351 988 3407 fucere
1001 3364 1095 3423 posset
1103 3382 1137 3395 -
1147 3354 1201 3407 Pro
1213 3364 1346 3421 compta.
1358 3370 1417 3407 cum

341 3423 483 3479 transtulit
502 3424 649 3495 Scriptores
674 3424 854 3493 ecclesiastici,
905 3431 1021 3485 Horatio
1032 3432 1090 3485 Art.
1103 3432 1179 3484 Poet.
1189 3424 1237 3496 53',
1247 3449 1327 3496 parce
1338 3432 1419 3482 detor·

343 3502 446 3556 thlinuc
457 3502 545 3569 Felix,
560 3504 694 3575 xxm,
704 3503 855 3557 Lectaotius
903 3508 1032 3564 radicare
1051 3510 1183 3580 potuisset.
1194 3538 1227 3551 —
1239 3512 1340 3561 Chloris
1354 3518 1418 3561 esto

342 3581 407 3635 ¹⁰³²·
421 3582 448 3647 l,
462 3598 514 3649 Χῖ,
529 3582 561 3648 6,
584 3580 719 3635 Affl⁰bl⁰⁸
731 3580 855 3635 “ivenus
904 3606 989 3657 greco
1001 3592 1102 3664 χλωρὴ,
1117 3586 1222 3655 viridis,
1239 3587 1349 3657 vigens,
1368 3584 1420 3638 tto-

341 3660 444 3715 Gentes
457 3661 516 3726 lll,
528 3679 554 3730 p.
569 3660 633 3725 113,
646 3678 741 3729 parum
751 3659 855 3713 bonet·
903 3686 979 3733 rens,
992 3676 1022 3719 ut
1034 3665 1101 3719 adeo
1110 3663 1228 3718 haecduo
1237 3664 1348 3717 nomina
1358 3681 1419 3717 seu-

340 3752 395 3794 tarn
404 3741 429 3795 ei
437 3739 648 3809 dantoriginem.
661 3738 702 3792 Ex
710 3750 767 3793 arte
780 3740 854 3792 enim
902 3764 933 3798 su
952 3762 1007 3796 non
1021 3742 1136 3796 muttum
1147 3744 1218 3795 inter
1238 3760 1266 3795 se
1285 3742 1418 3795 different.

341 3820 491 3875 meretricia
499 3838 582 3890 quum
592 3837 701 3889 magnas
709 3838 773 3889 opes
785 3838 854 3888 que·
901 3850 936 3863 -
952 3820 1163 3888 Campiselicis,·
1184 3820 1300 3889 intellige
1320 3820 1417 3874 insoles

339 3898 453 3965 sivisset,
462 3898 590 3969 populum
601 3917 745 3953 romonum
752 3899 855 3967 scripsit
902 3897 1065 3964 fortunatas,
1077 3918 1142 3967 quos
1155 3908 1290 3967 preeunte
1301 3896 1419 3951 llesiodo

341 3977 652 4049 haeredem,certamque
661 3978 801 4049 pecuniam
809 3997 855 4031 re·
903 3966 957 4055 hipp.
977 3998 1098 4048 17osqq,
1114 3979 1256 4044 llorntios,
1272 3978 1322 4048 Ep.
1336 3979 1417 4044 XVl,

341 4055 432 4125 liquit,
445 4058 521 4125 cnjus
530 4077 563 4111 ex
573 4076 666 4111 annuo
676 4056 780 4111 foenore
799 4075 854 4109 na·
903 4058 945 4124 41,
956 4056 1088 4124 describit,
1097 4076 1258 4126 quamquam
1266 4058 1349 4111 etiam
1360 4057 1417 4109 llo·

342 4134 399 4187 tolis
409 4153 472 4189 suus
479 4136 656 4190 celebraretur
663 4135 746 4199 ludis;
755 4133 802 4189 sed
811 4154 855 4188 se·
903 4153 1011 4202 merus,
1025 4132 1079 4189 Od.
1090 4146 1108 4188 Δ
1119 4173 1126 4200 ,
1137 4136 1199 4200 563,
1212 4135 1296 4188 simile
1309 4134 1373 4204 quid
1385 4132 1416 4186 de

339 4211 607 4281 natus,utpudeode
615 4214 654 4267 rei
661 4212 774 4283 dignitas
781 4230 855 4283 qua·
902 4230 996 4282 compo
1012 4213 1094 4287 elysio
1108 4212 1141 4267 ad
1160 4212 1228 4267 lines
1243 4223 1323 4267 terra
1337 4212 1417 4277 tradi·
