3025 5009
294 441 362 526 ffit
695 444 973 514 excursus

291 578 463 666 deservo,
482 597 643 680 ut·saepe.
670 580 801 654 Falsam
819 581 921 676 igitur
942 582 1135 684 prosodiam
1158 583 1306 662 arbitror
1330 588 1368 662 iu

292 695 403 816 unp.
422 695 507 782 nn,
533 693 565 768 3.
585 697 659 770 sam
676 697 822 796 primum
842 699 957 772 steen
979 699 1035 771 nte
1051 697 1277 791 libidinosus,
1306 679 1369 779 uis

292 834 399 896 stator
409 843 480 890 esse
494 813 629 888 deberet
641 813 783 913 Priapus
798 811 945 898 adstans,
963 843 1050 903 non,
1069 815 1124 916 qni
1134 809 1368 892 seint-Ana-

289 938 385 1036 logiae
413 963 510 1009 eausa
533 931 573 1006 ef.
602 947 664 1004 act
688 929 840 1032 peudbre
868 928 1031 1030 (boken)
1057 930 1093 1006 in
1115 934 1225 1034 speeie
1246 933 1366 1009 librani

291 1050 516 1154 suspendere,
540 1044 617 1120 inde
632 1046 754 1120 solvere.
775 1044 854 1119 med.
883 1046 1047 1146 pendere,
1070 1069 1269 1149 suspensum
1295 1077 1367 1124 esse

291 1173 470 1278 (haagen).
493 1211 533 1226 -
552 1168 631 1244 Act.
643 1166 750 1267 jocio,
776 1165 863 1240 rued.
882 1166 990 1267 linceo,
1006 1165 1114 1263 jactus
1130 1195 1206 1241 sum
1222 1168 1367 1270 (Iae'qen)

292 1309 353 1365 act.
373 1285 514 1390 parere,
532 1281 717 1385 producere
733 1279 946 1380 (erungen),
963 1291 1097 1380 parere,
1109 1281 1270 1381 produci,
1291 1282 1367 1378 (ῃ.

286 1404 462 1503 scdeine'n).
481 1401 610 1477 Eodem
619 1399 720 1474 modo
737 1398 845 1472 Graeci
857 1455 868 1486 ,
882 1397 945 1471 ubi
955 1395 1082 1498 duplex
1097 1398 1203 1472 forma
1221 1417 1296 1488 est,
1315 1399 1367 1474 al-

288 1540 357 1600 tera
374 1519 565 1604 transitiva,
590 1513 692 1590 altera
713 1513 879 1589 intransit
901 1513 1061 1612 prosodia
1078 1512 1140 1588 bas
1160 1513 1367 1609 distinguere

290 1640 399 1715 solent
415 1669 423 1713 ε
438 1667 468 1709 v.
498 1665 525 1711 e.
547 1646 666 1734 περάσω
684 1629 814 1706 transit.
840 1632 889 1727 (α
904 1630 1021 1730 brev.)
1045 1645 1131 1704 trans
1150 1659 1238 1705 neure
1261 1631 1363 1720 duco,

287 1754 390 1832 vendo
403 1754 514 1852 (unde
531 1759 710 1852 πιπράσκω)
725 1761 863 1849 repeton,
878 1747 1017 1824 intrans.
1038 1747 1084 1843 (e
1095 1746 1215 1843 long.)
1233 1749 1369 1823 transibo

291 1915 332 1930 -·
347 1880 411 1972 φύω
419 1929 429 1961 ,
446 1883 518 1970 pupi
533 1909 574 1926 -
589 1868 670 1944 alibi
687 1864 921 1971 productiores
936 1864 1051 1938 sormae
1066 1865 1206 1939 intrans.
1225 1867 1297 1937 ἆσαι
1314 1892 1366 1936 sa·

289 1996 388 2082 tiare,
408 1995 515 2070 ettam
534 1988 690 2064 satiatum
705 2011 799 2070 esse,
818 1999 881 2058 etc.
898 2000 959 2056 etc.

338 2110 388 2202 3⁰,
405 2113 442 2198 1,
464 2106 556 2193 525,
575 2104 636 2178 ubi
655 2097 832 2176 Carmenta
847 2099 983 2174 fatidica
1000 2097 1043 2172 de
1060 2101 1185 2189 Roma,
1202 2125 1243 2173 ex
1256 2099 1368 2199 Troia

288 2255 404 2304 eversae
421 2226 529 2299 cinere
546 2215 753 2323 splendidius
769 2234 1012 2303 resurrectura,
1034 2214 1195 2290 exclamat
1210 2246 1220 2290 r

418 2439 498 2496 Urite
511 2435 630 2492 victrices
640 2432 777 2503 Neptunia
788 2433 920 2501 Pergama
933 2429 1050 2484 flamme
1062 2451 1071 2493 ;

467 2529 542 2584 Num
556 2527 645 2581 minus
657 2523 701 2578 hie
712 2533 771 2577 toto
783 2532 823 2576 est
834 2521 912 2575 altior
924 2521 989 2574 orbe
1003 2516 1091 2574 cinis?

288 2704 445 2812 explicari
471 2719 504 2777 et
525 2697 621 2802 jungi
637 2696 734 2769 rideo
750 2724 760 2768 t
779 2721 852 2767 num
869 2688 921 2764 lu‘c
936 2689 1029 2783 ato,
1051 2687 1087 2762 id
1109 2707 1180 2780 est,
1207 2686 1311 2790 Troja
1328 2691 1366 2765 iu

288 2831 412 2904 eineres
429 2820 580 2905 redacta,
597 2814 690 2889 ultbr
703 2827 767 2886 toto
782 2810 855 2884 orbe
870 2807 970 2883 trinus
988 2807 1155 2909 quidest,
1173 2836 1275 2909 quam
1287 2825 1366 2883 aute

285 2943 387 3043 Troja
407 2955 495 3027 erut,
514 2935 618 3032 igitur
639 2961 647 3004 :
674 2959 717 3004 an
737 2927 840 3026 Troja
857 2924 1013 3000 incendio
1028 2923 1205 2999 imminuta
1229 2925 1304 2999 est?
1320 2965 1361 3016 ··.·
1407 2929 1413 2936 '

285 3063 407 3134 Nonne
423 3054 471 3126 ita
488 3075 605 3124 sensus
622 3042 852 3148 expediendus
868 3041 943 3115 est?
955 3068 1028 3113 nurn
1041 3039 1141 3113 mnus
1156 3056 1208 3113 est
1220 3038 1364 3113 iuterro-

288 3175 411 3274 gative,
426 3190 466 3246 ut
484 3167 615 3265 gravior
632 3161 741 3238 oratio
755 3149 886 3262 poetica
901 3157 1030 3260 poscit,
1044 3185 1107 3258 pro
1119 3157 1266 3258 pedestri
1279 3185 1287 3230 :
1302 3184 1364 3229 non

284 3296 403 3378 minus,
423 3286 634 3370 nihilominus,
655 3295 800 3356 nuamen.
815 3277 948 3352 'Sensus
965 3305 973 3351 :
988 3268 1104 3363 Urite,
1122 3291 1186 3349 ete.
1204 3273 1363 3350 Attamen

284 3410 341 3486 hic
359 3405 443 3483 cinis
461 3401 563 3476 altior
578 3399 641 3473 erit
657 3415 731 3472 toto
749 3395 842 3471 orbe.
867 3397 942 3468 Hoc
964 3420 1035 3466 nou
1050 3389 1220 3494 capientes
1235 3387 1362 3464 librarii

285 3531 384 3605 minus
396 3553 458 3628 pro
470 3521 533 3622 adj.
550 3518 716 3621 capientes
732 3515 775 3590 ad
787 3515 881 3588 αἰτῶν
891 3512 966 3587 cinti
978 3509 1181 3600 referebant,
1199 3527 1235 3584 et
1245 3507 1363 3584 lectio*

283 3676 343 3724 nes
361 3633 670 3739 cuderunt,quales
688 3629 793 3708 sunt:
809 3629 871 3704 non
887 3628 1004 3714 metor,
1024 3653 1098 3701 nuru
1115 3627 1224 3699 miror.
1326 3621 1329 3631 ’

335 3765 383 3856 4⁰.
398 3761 437 3847 I,
467 3755 558 3858 595,
580 3752 641 3827 ubi
662 3749 762 3826 multi
783 3747 932 3844 insignes
955 3745 1145 3821 referuntur
1163 3734 1284 3829 dures,
1303 3741 1363 3842 qui

284 3877 385 3952 rebus
400 3873 502 3970 gestis
516 3867 633 3943 titulos
645 3885 677 3939 et
685 3862 884 3961 cognomina
899 3875 1167 3960 reportaverant,
1184 3874 1263 3959 post
1275 3852 1362 3930 mul·

285 4015 338 4069 tos
357 3991 440 4067 alios
460 3990 559 4065 etiam
577 3987 644 4060 dux
658 3981 794 4086 quidam
811 3979 866 4054 bis
881 3975 993 4052 verbis
1008 3974 1186 4049 innuitur:

275 4089 278 4095 ¹
332 4107 430 4183 Hunc
445 4101 599 4182 Nmnidoe
609 4099 757 4202 faciunt,
782 4095 870 4171 r'llurn
887 4091 1045 4190 Messana
1060 4070 1233 4190 superbum.
1259 4083 1362 4180 Cogi·

284 4243 396 4302 tarunt
410 4225 556 4324 interpp.
568 4220 610 4295 de
622 4219 672 4293 tt.
682 4214 820 4292 Valerio
827 4207 973 4292 Messala
986 4266 997 4300 ,
1015 4207 1066 4284 rel
1079 4205 1122 4281 de
1131 4204 1250 4310 Appio
1260 4201 1362 4279 Clau-
