3025 5009
380 432 676 501 PASTORUM
703 436 804 503 L1B.
836 437 907 506 lv.
1127 443 1187 509 301

165 570 272 669 Quod
287 571 327 646 fit
342 572 448 649 natali
460 602 552 649 nune
568 604 724 677 quoqne,
742 577 872 665 Roma,
893 594 962 652 tuo.

112 687 194 786 lpse
210 683 305 761 locus
321 715 437 763 causas
453 689 521 763 vati
538 689 618 764 lacit
632 719 641 762 ε
655 690 752 765 urbis
770 692 867 789 origo

165 800 292 874 Venit:
307 802 387 877 acles
401 802 518 892 saetis,
536 833 655 901 magne
673 805 839 901 Quirine,
857 806 934 880 tuis.

112 921 193 993 Jarn
208 918 317 994 luerat
333 949 449 1022 poenas
464 920 566 996 scater
581 924 788 1011 Numitoris3
806 941 840 997 et
858 952 955 999 omne

166 1034 347 1109 Pastorum
364 1036 498 1132 gemino
515 1036 580 1111 sub
599 1036 681 1111 duce
699 1035 820 1133 vulgus
836 1056 917 1113 erat.
1147 1066 1197 1118 810

117 1148 326 1225 Contrabere
340 1169 504 1247 agrestes,
523 1167 557 1225 et
574 1152 696 1227 mcenia
713 1180 839 1253 ponere
856 1152 991 1255 utrique

116 1334 227 1386 quoqne
239 1316 363 1371 Palilibus
373 1338 380 1382 ;
393 1316 444 1372 sed
450 1318 544 1373 melius
554 1317 631 1374 dixit:
681 1329 724 1372 cet
733 1357 740 1384 ,
745 1318 838 1386 lacere
848 1318 991 1373 alr'cm'dici
1005 1339 1054 1391 pro
1061 1321 1152 1391 [arcere
1163 1328 1202 1378 al

115 1400 206 1449 natak'
220 1398 320 1458 Borea,
338 1406 389 1451 tuo.
407 1397 448 1450 lta
462 1397 536 1452 enim
552 1416 632 1451 com-
682 1400 802 1465 aliquem

116 1472 561 1542 modetransitadon'pu'nerrurbr's,
575 1493 633 1545 quie
715 1475 835 1544 toy-862.
843 1477 1029 1532 Natalisurbrlr.
1038 1478 1091 1533 Hic
1100 1478 1133 1533 de
1142 1499 1199 1535 mu·

113 1552 146 1604 in
160 1551 284 1605 Palilium
295 1551 366 1605 diem
378 1552 527 1620 incidebat,
537 1564 567 1607 ut
577 1554 633 1621 jam
682 1552 718 1604 ris
725 1552 816 1621 positis
824 1563 850 1607 et
858 1553 937 1607 Remi
945 1554 1062 1609 interitu.
1073 1556 1200 1611 Heinsius

116 1630 233 1685 advers.
247 1651 293 1701 par
309 1630 636 1703 admonitum-Ipsce-
684 1650 717 1684 οι
728 1632 837 1701 ingenio
848 1626 1084 1702 invexeratseslrlr,
1101 1654 1202 1706 quam-

116 1728 165 1764 cus
178 1718 227 1763 etc.
241 1708 287 1763 sic
300 1709 428 1763 Heinsius
440 1730 455 1763 e
468 1710 542 1764 MSS
555 1710 637 1765 Ursi·
684 1726 764 1777 quam
778 1718 804 1762 et
809 1710 894 1778 lasset
910 1723 955 1765 aut
969 1719 1053 1766 sacru
1067 1712 1201 1767 suadebat.

117 1806 176 1854 no,
194 1805 252 1841 uno
272 1787 418 1856 Vaticano,
439 1789 590 1856 Patavino,
607 1798 636 1841 et
686 1785 745 1854 Ego
762 1806 818 1839 non
840 1786 957 1841 dubitari
967 1788 1053 1856 lacni
1068 1810 1200 1845 revocare.

118 1860 632 1938 Naugerisnodediffloesieexplicant:
685 1862 768 1917 Urbis
786 1864 915 1933 originem
931 1884 1027 1920 canere
1047 1868 1118 1931 vult;
1136 1884 1201 1938 erqo

117 1944 175 2013 ipse
190 1942 263 1996 loeus
276 1943 401 1997 aminis
419 1943 465 1997 dat
481 1964 571 1998 causas
585 1965 636 1998 ca-
685 1960 740 1997 non
746 1942 822 2010 sesto
834 1956 880 1998 aut
890 1964 983 2009 sacra,
999 1945 1131 2014 sedsacta
1143 1946 1202 2001 Ro·

119 2020 219 2089 nendi,
229 2040 289 2092 qua
300 2023 355 2091 jem
361 2034 519 2092 sequnntur.
531 2024 572 2077 lta
580 2023 637 2078 hee
685 2019 761 2073 muli.
772 2021 804 2075 ln
817 2022 890 2076 urbis
900 2024 1001 2094 origine
1014 2023 1110 2077 desinit
1121 2026 1202 2078 etiam

118 2122 154 2155 es
170 2111 246 2171 parte
262 2102 357 2155 sinilia
368 2102 462 2166 {forent
477 2102 527 2156 illis
547 2122 636 2157 versus
686 2097 1201 2173 locusvers.857.-Paeaasnmuuijam

119 2181 170 2246 4¹7
181 2180 291 2247 :Eripit
298 2183 353 2247 :jose
360 2183 446 2243 locus,
457 2190 581 2249 raptusue
588 2189 638 2235 vn*
686 2177 771 2247 attigit
781 2189 859 2249 poeta
869 2179 911 2233 111
921 2219 928 2246 ,
945 2180 976 2249 07
986 2200 994 2243 ς
1004 2200 1077 2234 nunc
1087 2180 1201 2235 festinat.

117 2261 191 2325 giers
209 2260 291 2310 edan.
312 2256 367 2312 Sed
391 2276 447 2311 non
470 2257 565 2324 rideo,
589 2278 638 2312 cur
684 2254 729 2307 De
741 2255 851 2309 Romuli
859 2258 992 2327 Remique
1001 2258 1112 2312 dissidiis
1122 2270 1200 2329 atque

118 2352 154 2389 es
164 2354 225 2404 quas
235 2336 289 2403 jam
300 2346 465 2404 sequuntur,
481 2354 575 2388 causas
585 2354 638 2405 ap·
686 2332 766 2403 liujus
782 2354 862 2401 nece,
877 2336 955 2390 variae
971 2347 1047 2390 erant
1062 2337 1202 2390 Romano-

121 2413 234 2483 pellarit
252 2415 340 2467 Antea
356 2434 452 2467 causas
469 2433 638 2468 commemo*
686 2432 748 2466 rum
762 2414 931 2482 traditiones,
945 2436 1008 2485 quas
1019 2416 1089 2485 apud
1097 2417 1203 2489 Diony-

119 2502 211 2558 rarat,
223 2510 271 2546 erar
282 2494 639 2566 Romanisquarnetignem
686 2494 757 2547 sium
770 2492 905 2546 Halicarn.
917 2494 946 2560 1,
963 2496 1013 2559 85,
1029 2492 1203 2547 Plutarchum

121 2572 152 2623 in
165 2570 363 2626 lustrationibus
379 2573 542 2636 adhibeant,
560 2584 639 2643 atque
689 2572 745 2625 Vit.
756 2572 837 2624 Rom.
848 2592 922 2646 qsq,
941 2583 967 2645 et
980 2572 1096 2641 reliquos
1111 2590 1204 2625 rerum

121 2648 188 2701 ltine
202 2649 289 2719 pergit
304 2668 312 2702 ι
325 2652 385 2716 Ipse
396 2654 468 2705 loces
477 2670 573 2704 causas
584 2655 644 2703 vatr'
687 2667 861 2703 romanarum
878 2650 1018 2718 scriptores
1035 2648 1123 2703 habes.
1143 2650 1205 2703 Ad-

113 2726 198 2793 sacr't.
225 2727 293 2780 Hsse
314 2727 395 2781 rerba
409 2728 509 2797 igitur,
533 2730 554 2783 si
576 2748 640 2783 sana
686 2726 800 2779 modum
814 2726 937 2779 credibile
950 2736 1006 2790 est,
1019 2725 1091 2795 quod
1099 2726 1204 2799 Diony-

120 2816 204 2872 sunt,
218 2804 343 2876 equidem
355 2806 387 2859 ad
400 2808 584 2862 antecedentia
595 2828 641 2863 re·-
687 2806 741 2859 sius
749 2805 838 2870 tradit,
848 2804 1047 2857 multitudinem
1057 2822 1166 2858 omnem
1177 2806 1204 2859 in

121 2885 183 2939 sero
193 2904 200 2937 :
212 2882 277 2953 quid
284 2902 335 2954 ego
342 2882 417 2937 altius
424 2904 521 2937 causas
530 2885 597 2950 illius
608 2886 642 2937 ri·
686 2883 754 2937 duae
766 2884 876 2936 divisam
886 2882 963 2936 fuisse
974 2894 1077 2953 partes,
1091 2903 1205 2953 quarum

123 2966 641 3032 tusarcesso,quum1pselocus‚quem
688 2960 772 3013 altera
780 2959 1205 3029 Romulumducemsequeretur,

123 3042 284 3109 ineolimos,
300 3052 360 3110 aut,
371 3042 540 3107 siitamavis,
550 3043 641 3111 inquo
689 3038 771 3095 altera
781 3036 913 3100 Remum
925 3034 988 3089 binc
996 3036 1143 3089 etlratrum
1153 3040 1207 3091 ani·

126 3120 330 3190 tractandojsrn
338 3140 441 3188 versor,
451 3140 494 3174 ess
502 3120 568 3174 mibi
578 3141 643 3190 sup·
687 3114 968 3169 mosdissoeiatoseese
979 3156 986 3179 ,
1000 3135 1148 3185 eorumque
1156 3116 1207 3171 dis·

124 3199 248 3271 peditet?
258 3200 288 3253 ld
296 3197 367 3255 sicui
377 3199 504 3270 displicet,
511 3198 600 3253 videat
607 3218 641 3252 an
688 3192 754 3248 sidia
768 3192 882 3245 maxime
897 3194 1026 3261 patuisse,
1040 3214 1124 3264 quum
1136 3194 1208 3251 locus

126 3298 159 3332 ex
169 3277 253 3333 altera
263 3280 376 3334 lectione
387 3280 526 3333 meliorem
533 3297 642 3331 mosum
690 3272 749 3325 urbi
756 3272 904 3326 condendoe
911 3276 1209 3341 quareretur-Pasto-

125 3358 232 3428 fingere
240 3360 330 3429 possrt
339 3358 414 3413 Olim
422 3359 495 3411 euim
504 3357 642 3423 edebatur,
688 3371 731 3404 res
746 3362 900 3406 constanter
916 3352 996 3422 primi
1008 3354 1102 3407 Romae
1116 3354 1208 3408 incolre

127 3439 191 3504 lpse
205 3440 289 3489 locum
304 3443 363 3490 vati
376 3456 454 3490 casus
463 3436 550 3504 facit,
570 3432 644 3504 quod
690 3440 838 3495 vocantur,
852 3429 945 3498 quibus
958 3449 1034 3497 mos,
1049 3432 1121 3503 asylo
1133 3451 1209 3501 aper·

129 3514 238 3567 Marsus
256 3514 470 3584 interpretatur,
488 3512 562 3581 quasi
582 3530 644 3565 casu
689 3518 736 3575 to,
759 3527 887 3563 consens>
902 3520 1083 3571 accesserunte
1103 3510 1208 3577 Livius,

129 3590 255 3645 venimus
266 3590 295 3645 in
307 3590 378 3645 bunc
390 3590 493 3656 locum,
508 3600 538 3644 ut
549 3589 582 3643 de
597 3591 645 3643 ini·
691 3587 736 3654 ΙΙ,
749 3607 770 3640 r.
779 3588 814 3641 Et
822 3588 1007 3657 eratregioilla
1016 3590 1162 3657 pastoribus
1171 3590 1208 3643 in·

132 3670 175 3724 tiis
182 3668 542 3738 orbbsgmdmsitdmmo
550 3666 645 3721 ordine
690 3666 784 3736 primis
801 3677 969 3736 opportuna,
984 3664 1146 3737 Dionysius,
1164 3667 1208 3733 ll,

127 3767 223 3803 rerum
234 3748 263 3800 its
274 3747 348 3801 illum
356 3746 446 3801 locum
457 3744 645 3799 deducebatur.
692 3768 716 3799 2.
728 3746 876 3799 Zulielrem.
888 3750 1003 3813 pastoris
1013 3762 1022 3807 ,¹
1038 3744 1099 3797 bine
1116 3745 1210 3797 Heius

131 3825 289 3879 lectionem
305 3833 394 3877 sutem
412 3822 484 3875 illam
504 3821 578 3875 MSS
596 3840 643 3874 re·
691 3822 1055 3889 suadet,paslores...eranr.

130 3916 203 3959 teres
216 3902 334 3972 plerique
348 3900 527 3966 confirmant,
546 3917 647 3969 quam-
727 3902 786 3954 811.
802 3900 859 3969 Qui
873 3900 952 3954 urbes
962 3898 1101 3967 condunt,
1115 3920 1211 3957 eorum

127 4001 216 4053 quam
229 3983 258 4035 in
272 3980 303 4035 iis
317 3980 412 4034 ordine
429 3979 550 4046 inverso,
569 3997 647 4032 casus
693 3990 734 4036 est
745 4002 760 4026 κ
773 3978 910 4050 dissipatos
925 3979 1047 4033 homines
1060 3980 1088 4033 in
1100 3982 1213 4035 societa-

131 4068 195 4117 ντί.
211 4061 341 4116 Heinsius
352 4061 430 4116 seribi
442 4060 513 4127 vult,
531 4060 592 4127 Ipse
602 4063 648 4112 lo-
694 4068 774 4110 »tem
783 4057 996 4111 viteeonvoeare
1006 4078 1012 4122 ς
1022 4080 1036 4105 u
1051 4056 1136 4113 Cicer.
1146 4060 1212 4114 Tus·

127 4160 179 4197 m
186 4160 254 4195 cass
264 4140 407 4207 utilescit.
423 4151 503 4209 atque
516 4138 584 4194 adiri
595 4156 648 4190 no-
694 4136 747 4191 eul.
755 4137 793 4204 V,
807 4157 821 4188 a
833 4156 840 4199 ;
857 4145 902 4189 aut
917 4158 929 4182 α
947 4136 1076 4207 dispersos
1091 4138 1214 4193 homines

128 4232 188 4274 sam
195 4236 274 4275 susm
284 4218 319 4273 sd
329 4220 371 4284 ΙΙ,
382 4218 467 4287 Epist.
477 4218 527 4291 39,
541 4214 649 4271 ubido-
696 4230 814 4267 aunum
835 4213 865 4267 in
888 4212 1179 4285 locum-congregare,
1202 4236 1216 4263 u
