3025 5009
321 394 387 479 418
596 401 635 466 P.
667 401 854 470 ovlnll
880 401 1116 470 NASONIS

318 542 367 614 At
383 541 411 614 si
430 541 649 642 respicerent,
669 571 735 643 qua
751 571 813 618 vos
828 543 989 619 habitatis
1001 543 1035 617 in
1052 572 1146 634 arce,

342 660 499 760 {Totque
517 658 637 734 domos
655 677 779 735 vestras
794 659 970 735 obsidione
984 663 1113 763 premi3

318 772 375 850 Nil
391 777 465 877 opis
478 775 515 848 in
533 804 611 850 cura
629 777 750 854 scirent
768 803 940 879 superesse
956 776 1113 864 deorum,

367 893 414 965 Et
429 892 505 966 data
522 891 665 968 sollicita
682 911 757 968 tura
774 894 883 995 pen're
900 921 1012 968 manu.
1342 921 1389 990 ³7⁰

316 1011 429 1110 Atque
446 1010 573 1085 utinam
590 1038 710 1114 pugne
727 1027 840 1113 pateat
856 1009 969 1086 locus!
990 1039 1080 1086 arma
1093 1032 1282 1114 capessant;

365 1129 429 1212 Et,
444 1125 473 1199 si
490 1155 558 1200 non
576 1145 737 1228 putemne
752 1155 965 1230 exsuperare,
985 1127 1113 1203 cadant.

315 1242 413 1314 Nunc
429 1243 545 1344 inopes
561 1244 686 1333 victus,
702 1244 888 1347 ignavaque
908 1245 975 1320 sata
992 1244 1168 1333 timentes,

363 1360 483 1434 Monte
499 1388 561 1433 sno
577 1357 708 1434 clausos
723 1361 867 1435 barbara
883 1361 984 1436 turba
999 1361 1129 1462 premit.

313 1473 400 1547 Turn
418 1475 552 1561 Venus,
572 1492 606 1550 et
622 1473 709 1549 litno
726 1475 866 1579 pulcher
884 1477 1066 1578 trabeaque
1085 1474 1270 1574 Quirinus,
1339 1499 1388 1568 375

361 1590 529 1692 Vestaque
543 1618 605 1690 pro
621 1591 719 1666 Latio
732 1590 838 1667 multa
853 1591 967 1667 locuta
981 1621 1056 1668 suo.

312 1703 471 1793 Publica,
487 1705 680 1807 respondit,
698 1735 777 1784 cura
794 1726 846 1782 est
861 1737 924 1810 pro
942 1709 1112 1784 moenibus
1128 1707 1222 1795 istis,

361 1822 517 1922 Jupiter:
532 1841 566 1896 et
579 1850 696 1925 pernas
716 1822 826 1898 Gallia
840 1826 927 1901 ricta
945 1825 1047 1899 dabit.

310 1941 363 2015 Tu
380 1941 502 2030 modo,
522 1970 596 2043 quae
614 1942 734 2017 desunt
747 1941 880 2038 fruges,
899 1970 1073 2045 superesse
1087 1957 1270 2044 putentur,

360 2057 483 2149 Efficc3
499 2084 561 2130 nec
578 2056 673 2132 sedes
689 2056 823 2146 desere,
841 2060 962 2146 Vesta,
982 2075 1066 2132 tuas.
1338 2079 1386 2131 eso

308 2231 616 2285 rimbabeantetcuram
628 2243 821 2302 gerantrerum
872 2253 886 2278 n
898 2231 959 2286 lllos
974 2229 1052 2300 longa
1069 2230 1180 2284 domant
1192 2229 1265 2300 inopi
1285 2223 1384 2299 ieiunia

307 2309 487 2366 humanarum
498 2333 505 2374 ς
519 2313 563 2366 Vl
575 2311 687 2365 Metam.
695 2314 757 2379 542:
769 2333 781 2358 s
791 2312 820 2366 Si
869 2309 949 2365 rictu.
959 2331 974 2358 s
983 2309 1110 2364 Heinsius
1118 2307 1145 2362 in
1155 2327 1202 2362 ora
1209 2308 1268 2364 eod.
1278 2315 1380 2377 sinopes.

308 2399 425 2443 »tamen
433 2388 822 2458 bescSupericernunt;sinn-
870 2388 1382 2458 melosquessurmanuusporromonet,

308 2490 324 2516 υ
335 2467 409 2522 mina
417 2465 508 2520 divum
516 2467 587 2521 Sunt
594 2466 700 2536 aliquid
708 2489 723 2514 s
732 2467 821 2538 AEqne
870 2465 1016 2538 elegantius
1021 2466 1120 2535 (immo
1128 2465 1242 2535 gneius)
1247 2464 1306 2520 fore
1313 2485 1384 2519 uror·

308 2557 379 2601 recte
390 2556 480 2601 autem
490 2546 720 2616 diciturallqners,
735 2551 823 2599 scalr‘-
868 2555 895 2602 te
904 2559 962 2610 tuo,
982 2549 1137 2615 quinniens
1151 2546 1309 2616 capitolinus
1322 2547 1384 2602 Jovi

307 2627 429 2694 quidesse
436 2624 470 2678 de
476 2625 522 2691 iis,
532 2625 577 2694 qui
586 2625 719 2695 potentia,
731 2623 822 2694 digni·
868 2625 1016 2680 neers-ln
1029 2623 1112 2678 tribus
1124 2624 1213 2694 Regiis
1219 2624 1323 2695 legitur
1332 2630 1384 2679 ino·

306 2717 374 2772 tate,
387 2705 541 2759 auctoritate
553 2704 755 2770 eatena-Qua
774 2722 821 2756 vos
863 2723 929 2772 pes:
940 2703 1036 2772 interp.
1044 2699 1200 2772 gallevertit:
1212 2703 1290 2765 Mau,
1299 2705 1383 2756 heles!

306 2787 444 2843 hebetari,
458 2781 635 2850 Capitolium,
643 2781 690 2834 ubi
700 2798 746 2833 rus
753 2780 821 2832 mul*
869 2785 1006 2836 dansleurs
1014 2799 1090 2843 murs,
1100 2784 1267 2848 assie‘gespar
1273 2780 1381 2847 lesuin,

307 2863 339 2915 tis
351 2861 457 2931 templis
467 2871 496 2913 et
507 2860 559 2913 aris
574 2859 698 2913 colimini.
713 2857 819 2912 Omnes
868 2859 912 2912 Be
922 2861 996 2912 tecte
1005 2863 1050 2927 qrs'
1058 2876 1088 2910 se
1097 2861 1161 2911 tend
1167 2861 1202 2912 ils
1212 2863 1347 2926 emigrem!
1360 2863 1384 2913 Ie

304 2939 360 2993 lere
372 2937 410 2991 dii
428 2938 464 2991 ibi
479 2938 647 3004 colebantur,
662 2947 690 2990 et
703 2936 758 3004 ism
773 2935 819 2988 illo
867 2941 957 2992 destiti.

305 3017 362 3087 ipso
373 3027 494 3086 tempore
505 3037 513 3080 ς
532 3014 601 3084 apud
622 3012 742 3078 Livium,
760 3013 816 3080 Vl,
904 3015 960 3084 375.
971 3013 1013 3067 De
1022 3017 1111 3067 trabea
1122 3013 1290 3080 Quc’rr'rr’vide
1304 3013 1337 3067 ad
1353 3016 1381 3082 l,

308 3096 339 3148 ιθ
352 3135 361 3163 ,
377 3095 495 3149 Manlius
508 3113 515 3148 2
530 3093 676 3163 «Jupiter,
689 3091 817 3160 ,luneque
867 3093 915 3163 ³7³
928 3095 972 3161 ll,
986 3095 1155 3160 sote-lituo
1171 3092 1304 3147 Romulus
1321 3113 1383 3148 usus

305 3195 321 3220 u
331 3173 424 3242 regina
439 3212 446 3239 ,
464 3192 493 3226 ac
510 3171 634 3225 Minerva
649 3209 657 3236 ,
675 3171 817 3239 ceterique
867 3176 959 3229 eratin
973 3173 1186 3228 condendaurbe
1196 3195 1203 3236 ;
1214 3174 1307 3245 Virgil.
1317 3173 1380 3229 ΕΔ.

306 3273 320 3298 r·
332 3251 370 3304 dii
389 3250 517 3319 denque,
533 3253 577 3320 qui
591 3250 756 3319 Capitolium
774 3269 818 3302 ar-
867 3255 940 3321 Vll,
956 3257 1001 3324 187
1015 3275 1024 3306 .-
1038 3277 1053 3305 «
1066 3255 1125 3324 lpse
1145 3253 1278 3322 Quirinali
1297 3255 1379 3322 lituo,

304 3351 320 3376 ι
331 3347 443 3397 nemque
455 3329 577 3382 incolitis.
587 3330 684 3381 n—Nil
692 3333 750 3394 opis
761 3335 817 3381 etse
867 3355 882 3382 s
894 3351 1026 3403 parvaque
1037 3333 1144 3386 sedebat
1159 3331 1316 3386 Succinctus
1324 3341 1382 3386 tre-

302 3413 331 3461 in
341 3427 415 3470 cura,
429 3423 486 3459 non
493 3425 577 3474 opem
595 3425 650 3459 esse
667 3417 817 3475 exspecten-
867 3433 881 3460 s
893 3411 1056 3465 mauriti
1063 3415 1214 3468 succinctas.
1221 3409 1257 3462 sic
1265 3407 1380 3463 hocloco

304 3486 366 3540 dam
377 3505 393 3538 a
406 3503 477 3539 cura.
488 3511 522 3524 -
537 3486 606 3537 Tura
611 3489 706 3552 perire,
718 3483 816 3538 trustra
860 3489 1051 3558 pulcheretiam
1063 3487 1094 3540 sd
1106 3490 1196 3539 lituum
1206 3482 1329 3538 refertur.

303 3567 425 3635 accendi,
437 3585 515 3620 mnu
527 3569 655 3626 sollicita,
668 3584 751 3618 mann
765 3566 816 3618 lto·
897 3569 954 3636 377.
969 3569 1061 3619 Curam
1072 3565 1189 3635 Scaliger
1195 3572 1270 3632 putat
1278 3562 1376 3618 dietam

303 3649 408 3702 minum
423 3646 457 3700 de
473 3645 556 3700 salute
571 3663 618 3699 sua
635 3644 815 3699 sollicitorum.
864 3655 1050 3714 procuratore.
1062 3641 1375 3710 Potestetsiccspielrne

335 3727 392 3796 372.
400 3725 576 3793 Propotmnt
583 3723 814 3793 primusVaticsn.
863 3743 926 3778 carra
939 3725 1013 3777 nobis
1024 3721 1305 3775 omnibuscon'rmunis
1318 3739 1375 3775 esse

303 3814 330 3857 et
342 3805 459 3873 quinque
470 3803 513 3856 alii
520 3808 646 3871 poterisne
655 3802 814 3857 Teubnerus
864 3803 952 3868 debet,
962 3813 1016 3870 aut,
1026 3801 1141 3872 pertinet
1151 3817 1205 3852 non
1215 3798 1247 3852 ad
1255 3817 1312 3852 rem
1318 3800 1375 3869 pri-

301 3881 394 3936 suedet
403 3887 524 3950 possiet:
535 3881 592 3934 sine
604 3883 815 3950 num—lama
863 3891 950 3933 vatam
959 3879 1019 3946 ,sed
1028 3879 1209 3948 adpublicsrn:
1220 3877 1323 3943 Liuius,
1334 3877 1372 3944 ll,

301 3965 385 4013 virm
396 3961 517 4030 ambigue
529 3959 645 4024 dictum,
659 3970 689 4013 ut
703 3971 731 4014 et
742 3961 814 4014 Bur·
863 3961 892 4024 dr
905 3997 911 4022 ,
918 3961 1023 4026 publica
1028 3960 1174 4010 sollicitudo
1181 3955 1214 4009 de
1223 3956 1371 4025 republica

300 4055 415 4091 mannus
431 4037 545 4100 notarim
559 4047 668 4106 possunt
680 4039 753 4090 enim
770 4039 814 4091 in·
864 4035 924 4102 lll,
938 4038 985 4104 48,
997 4039 1256 4104 publicorndr'gnete'o
1269 4035 1304 4088 de
1321 4037 1378 4089 rei·

301 4113 381 4185 telligi
393 4125 421 4168 et
436 4115 551 4168 Romani
561 4115 633 4169 victu
642 4115 760 4169 destituti
769 4154 776 4183 ,
785 4125 812 4169 et
863 4114 971 4183 publices
989 4113 1307 4177 demno.-Sedestras,·
1318 4113 1376 4183 pri·

300 4195 383 4248 victus
392 4193 494 4262 exigui,
505 4194 610 4264 inopia,
627 4206 658 4250 nt
673 4197 687 4250 1
699 4195 810 4249 Metam.
862 4211 922 4249 mus
937 4195 1127 4250 Ambrosianus
1137 4205 1164 4250 et
1176 4195 1258 4262 berti,
1271 4195 1376 4249 latim
