3025 5009
456 402 509 468 ru
539 401 720 471 ov1n11
747 398 964 469 rasros.
1182 403 1248 496 507

307 581 400 640 Altera
413 602 473 655 pars
487 581 576 651 Circi,
587 582 695 640 custode
705 581 754 639 sub
767 581 886 638 Hercule
898 591 955 639 tuta
967 591 1014 639 eat.

371 675 401 731 Si
413 676 503 732 titulos
514 677 609 746 queris
619 715 627 744 ,
639 677 713 749 Sylla
719 679 839 745 probaret
851 695 923 745 opas.
937 688 942 696 '

222 831 299 904 Huc
316 830 464 906 referunt
475 829 587 905 locum
603 827 774 904 Plutarch.
786 826 877 928 Sylla
893 825 941 902 35
956 858 965 902 :
979 826 1135 903 Ἀποθύων
1152 831 1185 902 δὲ
1200 847 1251 912 τῆς

174 953 273 1030 οὐσίας
287 957 405 1032 ἁπάσης
417 955 556 1030 ὁΣύλλας
570 962 612 1047 τῷ
622 936 775 1047 Ηρπακλέι
788 951 929 1036 &aaran
948 975 966 1022 e
981 975 1073 1022 more
1089 948 1254 1024 Romanis

163 1065 423 1161 ¹satiseonsueto
435 1065 573 1142 Herculi
585 1067 756 1142 bonorum
770 1065 940 1141 decumam
958 1063 1136 1155 offerendi,
1157 1096 1252 1142 euui-

172 1215 237 1287 quc
253 1187 330 1262 inde
341 1216 505 1262 novarum
514 1187 703 1262 divitiarum
720 1183 998 1287 acquirendarum
1016 1183 1081 1262 sibi
1094 1186 1250 1290 sperandi

170 1301 354 1403 adjutorem
375 1311 396 1378 ¹.
424 1303 599 1404 Quum'ct
621 1300 684 1377 alia
706 1301 778 1375 loca
800 1299 983 1387 accedant,
1009 1299 1070 1374 ubi
1087 1300 1252 1376 Hercules

170 1435 330 1520 tanquam
355 1418 495 1508 divitiis,
514 1417 599 1493 sorti
615 1434 650 1493 et
662 1416 807 1491 fortunae
826 1414 1026 1519 praepositus
1044 1413 1199 1518 adparet,
1218 1436 1253 1492 et

169 1563 273 1634 quum
289 1552 415 1611 veteres
433 1552 467 1609 ct
484 1534 620 1637 quidam
636 1532 840 1608 recentiores
855 1533 923 1633 jam
938 1531 1001 1608 hac
1017 1531 1059 1606 de
1076 1563 1111 1608 re
1131 1534 1251 1636 quasi-

169 1652 294 1742 verint,
307 1653 439 1754 paucis,
451 1653 532 1756 quid
543 1652 702 1742 sentiam,
714 1650 865 1754 profiteri
878 1650 1033 1726 liceat·
1049 1653 1132 1728 Post
1142 1652 1249 1755 polli-

168 1771 266 1844 cendi
288 1769 381 1844 illum
405 1796 555 1858 morem,
583 1787 740 1871 tanquam
763 1767 954 1842 divitiarum
975 1769 1250 1869 acquirendarum

169 1884 254 1961 viam
271 1887 502 1989 superstitiose
518 1884 699 1975 creditam,
727 1884 873 1960 thesauri
900 1885 997 1960 etiam
1023 1880 1249 1976 subterranei,

167 2004 284 2079 subito
295 2021 329 2080 et
339 2023 458 2108 praeter
469 2033 563 2108 spem
572 2004 677 2094 eruti,
689 2003 761 2104 ejus
771 2001 877 2079 favori
889 2003 1003 2078 deberi
1018 2003 1251 2095 credebantur,

168 2137 202 2194 et
218 2121 370 2196 universe
385 2139 425 2196 ut
442 2121 496 2196 cui
518 2119 659 2196 maxime
681 2147 735 2195 res
758 2149 826 2196 sua
842 2117 983 2194 feliciter
1004 2121 1249 2222 procedebant,

166 2234 213 2309 ita
236 2233 380 2309 Hercule
407 2262 443 2309 se
466 2235 666 2310 dexterrimo
693 2236 744 2308 uti
772 2233 949 2323 credebat,
973 2263 1117 2338 eumque
1142 2236 1253 2314 colere

167 2347 307 2427 solebat.
326 2351 402 2426 Huc
418 2351 565 2454 pertinet
581 2349 715 2425 Horatii
732 2346 817 2425 illud
835 2352 904 2425 Sat.
922 2353 978 2440 ΙΙ,
996 2371 1037 2425 vt
1047 2409 1056 2443 ‚
1079 2381 1148 2429 ro:
1168 2358 1201 2430 Ο
1220 2357 1249 2431 si

166 2497 284 2544 urnam
301 2467 429 2566 argenti
447 2469 519 2543 sors
537 2495 611 2570 qua
628 2465 711 2540 talibi
727 2485 892 2542 monstret
894 2524 1033 2542 ......
1052 2469 1134 2545 atter
1150 2473 1249 2546 amico

165 2585 319 2673 latreum
340 2603 372 2668 et
388 2586 479 2662 Pers.
499 2586 558 2673 ll,
585 2612 624 2659 ιι
647 2615 655 2659 ε
674 2584 746 2659 Sub
762 2600 869 2658 rastro
886 2601 1002 2686 crepet
1015 2587 1144 2681 argenti
1161 2589 1245 2663 mihi

166 2703 249 2778 seria
282 2701 395 2778 dextro
427 2701 565 2778 Hercule
586 2709 604 2776 Ι
637 2701 699 2777 ubi
726 2699 913 2778 scholiasta
947 2694 1245 2796 animadvertunt,

73 2912 75 2921 y
169 2818 378 2894 «Herculem
394 2817 582 2894 divitiarum
592 2816 768 2921 presidem
783 2845 864 2892 esse.
879 2851 897 2883 »
916 2819 997 2915 Quo
1016 2835 1126 2894 autem
1141 2849 1252 2912 nexu,

167 2961 304 3035 quaeso,
327 2934 392 3007 hoc
413 2933 602 3008 divitiarum
620 2931 812 3036 presidium
832 2960 908 3006 cum
925 2931 1027 3008 heroe
1045 2931 1106 3008 illo
1122 2934 1246 3038 'liryu-

167 3049 259 3140 thio‚
282 3050 383 3127 rebus
399 3049 468 3152 ejus
484 3049 605 3147 gestis,
629 3049 806 3125 laboribus
823 3068 857 3124 et
873 3049 1025 3152 mythis?
1048 3079 1148 3152 quem
1170 3068 1243 3124 tan-

167 3197 266 3268 quam
283 3169 375 3244 Pluti
393 3188 427 3245 et
442 3170 631 3244 divitiarum
651 3167 824 3242 inimicum
841 3169 914 3270 ipsa
930 3167 1044 3243 fabula
1063 3197 1245 3274 repraesen-

166 3301 216 3360 tat
232 3287 274 3362 ’.Ρ
297 3289 392 3388 luter
406 3305 531 3363 veteres
552 3288 619 3388 jam
637 3285 728 3362 Plut.
746 3287 877 3384 Quaest.
896 3313 982 3360 rom.
1005 3285 1071 3376 18,
1097 3315 1135 3362 ea
1152 3289 1193 3362 de
1209 3317 1254 3362 re·

166 3431 335 3504 quaereus,
357 3403 462 3482 multa
479 3421 609 3494 tentat,
633 3432 694 3478 uec
714 3402 784 3480 'sibi
806 3404 871 3505 ipsi
893 3402 1080 3479 satisfacere
1096 3403 1251 3495 videtum.

165 3515 252 3590 conf.
270 3515 450 3592 Wieland.
465 3517 507 3594 ad
524 3519 643 3594 Horat.
662 3517 684 3594 Ι.
702 3546 729 3592 c.
750 3561 790 3574 -
804 3517 900 3617 Quid
911 3517 1034 3615 igitur,
1051 3517 1080 3591 si
1096 3547 1150 3607 ea,
1170 3549 1247 3622 quac

198 3708 208 3739 ¹
225 3705 312 3760 Plaut.
320 3705 415 3761 Bacch.
427 3707 478 3774 IV,
489 3723 527 3772 tv,
540 3707 570 3759 15
578 3727 584 3768 ;
592 3705 675 3760 Stich.
725 3704 775 3759 bus
787 3705 888 3759 lactum
903 3723 958 3759 ease
969 3706 1117 3760 eVarrone
1126 3719 1243 3777 apparet

164 3784 204 3846 ll,
219 3805 228 3837 ι
242 3781 474 3855 (at.l‚111,80);
488 3781 591 3850 Varro,
602 3782 631 3836 L.
647 3783 677 3836 lu
759 3787 772 3816 ¹
788 3785 893 3840 Phtdr.
906 3786 964 3851 IV,
981 3806 1019 3838 rr.
1035 3785 1108 3840 Celo
1121 3799 1242 3857 receptus

164 3863 201 3928 V,
215 3863 264 3929 543
279 3861 389 3935 Dionys
404 3863 431 3927 l,
449 3865 499 3929 40,
515 3861 548 3914 de
562 3877 606 3916 ara
618 3879 678 3914 ma·
725 3862 953 3932 propterrirtutes
962 3863 1241 3930 Hercules‚venicnte

164 3941 233 3994 xima
248 3959 255 3994 τ
273 3948 414 4003 deterrime
434 3943 561 4018 muricus
577 3949 679 4010 piu-araca
726 3940 823 4009 Pluto,
834 3940 1241 4010 quiFortuneesttitim,aver·

164 4028 251 4088 συχναὶ
261 4019 313 4076 κατ’
321 4023 398 4090 alzeic-
410 4022 502 4091 Quare
515 4019 677 4076 etCraaaurn
727 4021 760 4076 tit
768 4019 872 4087 οωῙοΙ,
880 4019 984 4076 dicens:
992 4043 1006 4068 «
1016 4020 1071 4076 Odi
1079 4021 1245 4094 illum,quia

164 4106 191 4149 et
207 4095 347 4150 Lucullum
363 4097 520 4168 frequenter
537 4097 678 4154 decumam
727 4099 802 4154 malis
812 4099 911 4154 amicus
923 4109 978 4167 est,
993 4097 1125 4170 simulque
1136 4101 1241 4171 objecto

165 4173 266 4230 dedisse
283 4173 414 4246 legimus,
434 4186 462 4232 et
482 4196 498 4230 a
517 4176 678 4234 mercatori-
726 4186 822 4234 cuneta
832 4177 980 4246 corrumpit
993 4177 1074 4234 lucro.
1087 4199 1103 4227 s
