3025 5009
274 469 343 565 476
675 469 958 541 excursus

271 612 422 714 undique
431 637 659 702 corrasorum,
673 610 854 714 aliquando
868 609 1143 709 digerendomm,
1163 639 1263 714 quarn
1269 609 1353 712 justi

273 735 379 812 libelli
398 735 541 838 speciem
559 763 627 836 prae
645 763 680 810 se
697 735 782 810 lerre
796 735 879 809 mibi
895 735 1046 810 rideatur
1064 744 1087 808 ¹.
1115 734 1263 810 Maxima
1279 733 1353 833 ejus

273 859 448 934 commoda
462 858 599 935 omnino
614 858 803 933 redundant
816 858 858 934 ad
874 858 1050 933 historiam
1063 858 1225 932 festorum
1237 884 1353 932 recen·

273 984 421 1074 tiorum,
444 1013 518 1086 quae
534 984 602 1058 lere
612 985 656 1058 ad
669 984 740 1084 ejus
755 1001 904 1085 tempora
914 982 1148 1084 pertinebant,
1165 981 1226 1055 nbi
1242 981 1353 1082 inpri-

271 1105 337 1181 mis
347 1105 548 1182 Kalendario
567 1105 783 1182 Constantini
795 1107 830 1180 in
842 1105 959 1180 multis
977 1103 1176 1180 illustrando
1195 1103 1351 1192 inservit,

272 1259 302 1303 v.
320 1259 348 1304 c.
369 1262 401 1335 p.
420 1229 484 1321 62,
498 1231 539 1307 de
557 1248 713 1307 votorum
728 1230 999 1333 nuncupatione3
1016 1259 1051 1333 p.
1071 1230 1139 1320 80,
1153 1230 1196 1305 de
1214 1231 1354 1305 Mamu-

271 1353 417 1444 ralibus;
435 1353 499 1448 84,
519 1352 681 1444 Pelusiis,
699 1355 892 1444 Hilaribus,
912 1371 975 1429 etc.

322 1477 389 1552 Sed
405 1477 440 1550 in
458 1477 696 1552 Ovidioetiam
708 1494 780 1551 turn
794 1474 1020 1566 illustrando,
1038 1497 1110 1552 tum
1125 1475 1356 1552 confirmando

274 1629 403 1697 magnae
418 1601 489 1702 ejus
505 1619 621 1704 partes
637 1619 732 1688 sunt,
748 1601 791 1677 ad
808 1631 907 1677 sunm
920 1602 1049 1705 ubique
1062 1600 1174 1676 locum
1190 1601 1228 1674 in
1245 1600 1361 1675 subsi-

275 1723 368 1798 dium
387 1725 541 1800 rocandae
557 1734 585 1798 ².
602 1727 646 1798 Η.
666 1723 689 1799 l.
709 1724 862 1827 quedam
880 1725 955 1827 ejus
969 1725 1044 1800 loca
1059 1726 1263 1829 pertingam,
1277 1723 1357 1812 nbi,

276 1875 349 1948 qnae
365 1847 493 1923 diverse
508 1851 552 1924 ab
569 1847 684 1925 Ovidii
702 1848 914 1954 aliorumque
929 1849 1129 1925 auctoritate
1142 1847 1263 1938 tradit,
1286 1876 1357 1921 non

276 1989 343 2045 tarn
357 1970 488 2048 diverso
504 2001 572 2048 sure
588 1974 694 2050 aetatis
709 1977 816 2066 mori,
837 2005 936 2078 quarn
953 1973 1063 2049 turbis
1077 1972 1208 2074 abipso
1224 1959 1358 2072 compi-

273 2090 381 2169 latore
399 2095 554 2191 ingestis,
570 2096 649 2186 ubi,
668 2125 742 2199 quae
758 2098 801 2171 ad
818 2098 932 2200 plnres
950 2096 1183 2199 pertinebant,
1202 2093 1238 2168 in
1254 2122 1358 2168 unam

275 2247 344 2292 rern
362 2218 574 2310 cumulabat,
591 2220 778 2296 tribuerim
798 2222 974 2321 Ejusmodi
988 2220 1100 2296 locum
1115 2220 1182 2319 jam
1199 2217 1243 2294 ad
1263 2220 1355 2293 Fast.

274 2343 335 2430 IV,
351 2340 442 2432 635,
458 2343 650 2420 exhibuisse
662 2345 746 2420 mibi
757 2347 848 2419 visus
860 2374 947 2420 sum.
958 2343 1187 2419 Probabiliter
1197 2344 1265 2418 buc
1279 2371 1361 2444 per-

277 2465 371 2555 tinet,
384 2495 467 2568 quae,
476 2495 510 2569 p.
522 2495 580 2569 71,
594 2466 876 2542 deParentalibus
887 2467 1033 2542 exhibet.
1046 2469 1137 2542 Bene
1147 2495 1222 2541 cum
1232 2466 1360 2540 Ovidio

276 2589 416 2691 aliisque
427 2592 598 2680 convenit,
615 2591 643 2664 si
659 2592 704 2665 ob
715 2593 835 2666 Manes
851 2589 1034 2692 placandos
1044 2589 1087 2664 ab
1098 2589 1149 2662 Id.
1163 2587 1262 2662 Febr.
1274 2587 1362 2662 bora

277 2733 481 2819 certansque
492 2715 624 2792 adVlll
632 2714 708 2790 Kal.
718 2717 822 2790 Mart.
832 2744 924 2791 saera
931 2703 1071 2806 cessare,
1078 2732 1113 2790 et
1120 2712 1364 2815 principespri·

278 2856 355 2913 vato
366 2841 487 2916 babitu
497 2841 649 2915 incedere
662 2840 755 2914 dicit.
774 2838 877 2914 ovid.
894 2839 984 2913 enim
996 2841 1048 2928 ll,
1069 2836 1138 2938 567
1156 2867 1165 2912 :
1180 2839 1364 2913 Nectnmen

278 2961 347 3035 lroec
362 2965 465 3048 ultra,
487 2991 578 3065 quom
594 2978 640 3037 tot
655 2963 694 3037 de
707 2993 808 3040 mense
823 2965 975 3065 supersint
989 2961 1142 3064 anffen',
1159 2976 1233 3065 quot
1246 2959 1365 3034 hebent

278 3087 413 3159 emmim
428 3101 533 3162 nostro
544 3086 650 3188 pedes.
664 3143 691 3161 ..
719 3087 842 3162 Ultrirrn
852 3085 1020 3187 placandis
1034 3085 1188 3162 Mnnr'bns
1203 3085 1261 3159 itta
1276 3083 1363 3169 dr'css

280 3211 373 3312 quod
386 3211 471 3287 bene
483 3241 518 3288 se
529 3213 669 3286 invicem
681 3211 838 3287 illustrat.
859 3211 926 3286 Sed
937 3213 991 3286 rir
1004 3213 1073 3286 buc
1087 3210 1253 3313 pertinet,
1267 3208 1363 3311 quod

280 3335 393 3410 statim
411 3335 605 3434 subjungit,
632 3353 802 3410 matronas
821 3363 977 3410 romanas
994 3363 1035 3409 eo
1055 3333 1233 3436 procedere
1258 3332 1364 3435 pudi-

280 3457 385 3547 citiae,
412 3476 452 3532 ut
468 3459 504 3531 in
519 3458 669 3546 balneis,
693 3487 736 3533 ne
760 3457 903 3560 plebeiis
919 3457 1119 3533 mulieribus
1141 3457 1362 3544 misceantur,

279 3579 507 3683 peculiaribus
520 3578 607 3657 locis
624 3581 882 3683 (praeposuere)
911 3599 1072 3672 utentum
1091 3610 1168 3656 narn
1185 3580 1221 3652 in
1238 3579 1366 3654 Paren-

314 3763 323 3795 ¹
342 3761 481 3834 Siquidem
492 3783 515 3816 v.
525 3784 547 3817 c.
556 3782 648 3819 mense
656 3763 796 3833 Januario,
846 3786 884 3837 sq.
896 3766 1095 3820 commentariis
1102 3763 1190 3818 suisin
1202 3761 1365 3815 Januariurn

282 3841 377 3910 capii,
391 3840 545 3913 amagnetis
554 3841 687 3912 etpiperis
697 3845 798 3898 arboris
846 3843 1289 3916 linemirnponit.0nrnia,utcerte
1296 3839 1368 3893 ride·

282 3930 399 3987 natura,
414 3919 446 3973 ed
464 3931 539 3974 ortus
557 3931 585 3973 et
602 3941 709 3976 occasus
724 3941 798 3993 quo·
847 3935 907 3990 tur,
920 3924 978 3978 sine
994 3941 1071 3977 causa
1082 3940 1098 3976 e
1111 3921 1149 3974 rei
1162 3930 1258 3973 natura
1271 3917 1368 3972 oblata.

282 3998 406 4052 rumdam
413 3997 541 4065 siderum,
551 4009 578 4052 et
587 4019 642 4070 cap.
653 4019 677 4071 7,
685 4009 745 4071 post
752 4000 800 4054 Ju‘
883 4003 896 4033 ²
912 4001 980 4072 P.9r
991 4040 999 4067 ‚
1012 3997 1046 4053 de
1056 3997 1212 4052 mulieribus
1219 3995 1270 4050 sub
1276 4004 1368 4066 myrto

283 4075 362 4130 nonis
371 4067 537 4147 allegoricam
548 4077 803 4148 interpretationem
849 4077 931 4134 laras-i
943 4078 1025 4134 solitis
1035 4101 1043 4142 ;
1057 4097 1085 4149 p.
1104 4095 1150 4146 ¹⁰7
1162 4115 1170 4145 ‚
1189 4074 1224 4130 de
1238 4076 1370 4144 pistonrsn

283 4155 317 4210 de
323 4156 434 4226 Traiani
443 4177 539 4228 genere
547 4169 575 4212 et
583 4160 662 4214 rebus
672 4160 749 4230 gestis
756 4179 803 4214 ex·
849 4160 925 4215 leriis
936 4200 946 4228 ,
964 4170 992 4215 et
1003 4158 1139 4216 asinorm
1150 4154 1371 4212 coronandorum

282 4236 388 4308 ponit...
396 4247 492 4293 etcum
498 4239 582 4294 Esaiae
589 4240 672 4310 capite
682 4239 712 4309 1,
724 4259 761 4295 rs
772 4259 800 4294 rs
850 4258 927 4295 mose
940 4247 990 4294 ete.
