3025 5009
495 437 853 507 rnoounronr.·
974 415 978 421 ’
1188 442 1207 505 5

143 576 190 653 nr
205 577 246 653 ru
261 576 409 678 unquis
432 578 615 665 reomaus,
632 578 685 653 ver
708 579 749 651 u
771 579 948 674 Augusto,
973 577 1111 652 necno
1127 554 1213 654 nei-

141 701 333 801 manicoque
352 701 466 795 gestis.
495 701 559 774 His
578 700 721 775 Ovidius
741 719 861 801 prater
876 700 1105 777 necessitatem
1124 702 1213 776 sidc-

140 850 209 897 rum
222 822 408 897 multorum
424 823 587 918 originem
600 822 740 897 addidit.
768 823 913 919 insigne.
927 824 1032 921 igitur
1047 824 1112 898 hoc
1126 854 1212 926 opus

21 954 22 1013 ζ
139 962 170 1019 et
184 946 392 1019 uberrimum
410 945 535 1021 dixeris
551 976 570 1021 a
590 946 758 1025 rerumad
781 947 1048 1043 cognoscendum
1071 948 1208 1023 minime

21 1170 28 1187 ἢ
139 1067 347 1143 illiberalium
359 1068 466 1170 copia.
482 1071 520 1143 ln
535 1068 610 1149 istis
618 1086 729 1146 autem
738 1069 898 1145 omnibus
913 1098 984 1144 nou
998 1070 1118 1145 licebat
1129 1099 1214 1171 poe-

140 1210 195 1279 ta,
213 1220 287 1293 qua
305 1191 432 1280 uellet,
459 1191 603 1287 fingere,
622 1192 681 1267 sed
704 1206 750 1267 ea·
765 1192 836 1289 lege
860 1194 1053 1280 tenebatur,
1078 1206 1117 1267 ut
1140 1222 1213 1293 que
1291 1208 1293 1210 ’

138 1331 248 1389 notata
265 1332 380 1389 essent
395 1314 550 1402 ab‘aliis,
575 1332 634 1387 aut
652 1316 791 1404 tradita,
807 1344 846 1389 ea
864 1315 1007 1391 fideliter
1026 1334 1212 1416 repeteret;

21 1428 22 1521 J
140 1455 184 1525 et,
202 1438 232 1513 si
257 1436 457 1521 traditiones
483 1439 718 1540 sententiaque
740 1440 830 1513 inter
848 1468 884 1513 se
909 1440 1130 1526 dissiderent,
1154 1457 1213 1513 aut

140 1589 203 1635 eam
218 1579 436 1663 excerperet,
462 1591 536 1663 quoe
553 1563 619 1663 ipsi
635 1563 804 1639 rideretur
815 1563 966 1663 proxime
980 1563 1021 1636 ad
1032 1593 1145 1637 rorum
1160 1593 1213 1637 ae·

140 1684 267 1775 cedere,
287 1702 347 1761 a'ut
358 1685 470 1787 plures
485 1686 602 1761 lectori
617 1686 847 1788 dijudicandas
861 1706 1077 1787 proponeret.
1099 1689 1213 1789 Atque

139 1806 223 1883 huno
236 1838 374 1885 eorsum
384 1824 452 1911 'per
466 1796 577 1884 totum
591 1822 722 1885 carmen
739 1809 858 1885 tenuit.
874 1811 998 1884 Ortum
1011 1828 1047 1883 et
1056 1838 1211 1885 occasum

140 1932 280 2006 siderum
297 1950 433 2010 notasse
451 1932 584 2007 ridetur
602 1962 621 2007 e
639 1932 843 2008 Kalendario
863 1932 1034 2033 quodam,
1058 1932 1212 2007 adhibito

139 2054 233 2129 etiam
243 2056 442 2129 Astronomi
454 2056 626 2155 cujusdam
642 2056 747 2131 Graeci
765 2055 853 2131 libro
865 2085 876 2143 ;
890 2055 1053 2153 originem
1065 2054 1212 2129 siderum

137 2177 246 2253 hausit
263 2206 305 2253 ex
324 2177 529 2279 mythologie
542 2235 553 2267 ,
564 2192 567 2199 “
578 2208 666 2283 quos
678 2181 713 2253 in
732 2179 1059 2281 Metamorphosesin
1078 2196 1213 2253 secutus

138 2318 226 2388 erat;
249 2299 489 2401 reliquapetiit
502 2302 836 2383 uomenhnualihos
849 2320 1001 2390 tautum,
1023 2330 1214 2403 quanquam

140 2450 194 2495 eos
215 2420 309 2497 solos
330 2421 385 2495 bis
408 2423 579 2511 nominat,
608 2424 665 2499 sed
683 2424 875 2525 oplun'mis
902 2424 969 2500 illis
990 2425 1213 2499 monumentis

137 2541 319 2645 librisque,
346 2544 474 2647 quibus
491 2573 546 2619 res
561 2548 792 2639 Romanorum
812 2565 970 2621 enarrata
991 2564 1092 2647 atque
1114 2546 1213 2620 illus·

139 2684 226 2741 trata
244 2684 349 2741 erant.
365 2667 468 2743 Multi
479 2667 588 2757 enim,
603 2668 638 2741 in
657 2668 902 2769 quihusvarro
920 2698 989 2769 prus
1002 2670 1128 2744 coeteris
1141 2680 1212 2743 me·

137 2786 331 2877 morabilis,
360 2790 397 2863 in
418 2788 544 2865 rituum
560 2792 793 2869 Romanorum
812 2792 959 2887 origines
974 2791 1149 2887 diligenter.
1162 2794 1216 2865 in·

139 2912 364 3011 quisiverant3
390 2912 533 2987 undeet
555 2914 660 2991 serim
683 2913 886 2989 Plutarchus
921 2914 1114 3013 Quosn'ooes
1137 2941 1215 2987 suas

138 3035 326 3123 Romanas,
338 3053 396 3111 aut
409 3041 596 3133 Kspahulos
609 3048 812 3139 καταγραφήν
827 3038 1014 3142 excerpsit,
1039 3038 1163 3138 quibus
1181 3025 1216 3114 et

138 3166 219 3265 ipsis
231 3166 270 3239 in
281 3164 420 3241 Romuli
432 3165 510 3239 Vita
522 3176 645 3239 nomen
658 3170 772 3239 Αἰτὶων
783 3154 966 3263 Ῥωμαϊκῶν
978 3164 1109 3239 tribuit.
1120 3168 1215 3263 Quin
1303 3242 1306 3248 ,

138 3287 242 3363 Butes
267 3287 404 3389 quidam
426 3288 567 3363 carmine
585 3287 730 3383 elegiaco
751 3304 786 3361 et
805 3288 877 3388 ipse'
894 3288 961 3361 lroc
981 3306 1215 3383 argumentum
1335 3349 1345 3361 ,

141 3414 291 3489 mactarit
304 3424 320 3503 ,'
333 3414 517 3515 cecinitque
539 3417 651 3497 Αἰτὶας
663 3408 815 3509 μυθόδεις
827 3417 897 3510 περὶ
906 3424 968 3485 τῶν
976 3407 1176 3510 Ῥωμαϊκῶν,
1196 3442 1215 3487 e

141 3538 265 3638 quihus
289 3537 509 3624 Plutarchus,
527 3536 562 3609 iu
587 3539 690 3613 Rom.
712 3562 783 3624 ao,
809 3535 978 3609 distichon
998 3534 1121 3610 laudat.
1149 3536 1218 3643 sot

139 3686 210 3733 non
222 3676 373 3748 constat,
392 3686 460 3761 quo
473 3676 625 3759 tempore
640 3660 746 3733 Butos
760 3657 817 3732 ille
832 3658 960 3733 vixerit.
1069 3740 1077 3754 ⁸
1148 3668 1152 3673 ’

188 3784 317 3857 Rerum
332 3808 438 3884 porro
454 3782 593 3857 istarum
605 3792 757 3855 acervum
772 3781 819 3855 ita
834 3783 988 3857 tractarit
999 3782 1162 3870 Ouidius,
1178 3800 1218 3855 ut

142 3905 306 4000 insignem
318 3904 412 3981 illam
420 3903 546 4001 ingenii
558 3904 644 3992 vim,
658 3902 829 3999 egregium
842 3902 927 3977 illud
938 3904 1065 3999 ingenii
1077 3904 1216 3992 llomen,

145 4028 234 4129 quod
245 4042 305 4131 pe'r
320 4042 430 4105 tetum
444 4026 766 4131 Metamorphoseon
779 4036 866 4127 op'us
880 4028 1095 4129 spectandum
1111 4045 1146 4101 et
1156 4029 1217 4102 ad-

145 4153 331 4233 mirandum
353 4154 557 4257 preposuit,
572 4152 727 4255 plurimis
744 4151 828 4227 locis
850 4151 1025 4229 desideres.
1054 4152 1217 4244 Mirihous
