3025 5009
428 419 483 489 ru
507 421 691 491 0v1n11
714 421 936 492 rnsros.
1157 427 1227 524 479

140 558 379 662 expositurus,
407 559 563 636 tibicines
586 589 748 639 romanos
776 561 957 665 aliquando
980 565 1057 665 jura
1077 569 1228 670 quaedam

142 683 208 758 sibi
226 682 357 758 ademta
375 711 461 780 aegre
478 712 597 787 passos
611 683 721 760 Tibur
738 685 926 778 exsulasse,
952 690 1063 782 canit3
1086 692 1224 770 alterius

143 808 292 884 censoris
309 824 419 882 autern
436 808 580 898 astutia,
598 837 702 910 quum
718 809 839 908 religio
857 812 928 912 ejus
944 813 994 890 rei
1007 834 1158 893 senatum
1175 837 1227 895 te·

142 951 254 1021 neret,
274 948 377 1033 potos
397 933 434 1005 in
456 931 608 1036 plaustro
632 951 738 1010 noctu
762 935 798 1009 iu
823 936 943 1012 urbem
969 937 1119 1018 invectos
1135 968 1229 1021 esse:

144 1085 229 1131 vers.
247 1055 339 1146 683,
359 1058 406 1131 ita
425 1059 560 1160 pergit:
968 1036 970 1039 Ι

278 1257 394 1328 Jamque
406 1276 454 1328 per
468 1257 602 1329 Esquilias
614 1277 753 1314 romanam
766 1259 913 1315 intraverat
923 1264 1036 1331 urbem

329 1353 367 1408 Et
377 1371 457 1408 rnane
471 1354 499 1408 in
512 1353 603 1408 medio
615 1355 731 1425 plaustra
742 1355 822 1410 luere
832 1355 903 1411 loro.

278 1447 411 1508 Collatiae,
428 1455 459 1500 ut
471 1455 579 1517 possent
589 1446 675 1516 specie
688 1465 857 1516 numeroque
869 1457 991 1502 senatum
1177 1450 1228 1508 685
1243 1505 1249 1514 ,

327 1535 450 1604 Fallere,
463 1537 583 1608 personis
594 1537 709 1608 imperat
721 1555 768 1591 ora
781 1539 843 1608 tegi.
957 1605 961 1612 .

276 1625 467 1697 Admiscetque
482 1625 545 1682 alios
555 1646 563 1682 ι
574 1638 603 1682 et
615 1639 646 1682 ut
660 1626 733 1682 hunc
745 1627 854 1682 tibicina
865 1639 964 1683 ooetum

325 1714 447 1787 Augeat,
460 1717 489 1770 in
502 1716 587 1789 longis
599 1717 715 1772 vestibus
727 1718 767 1772 ire
780 1719 863 1786 jubet.

276 1805 321 1860 stc
335 1805 447 1860 reduces
459 1806 527 1860 bene
541 1825 616 1877 posse
629 1807 697 1878 tegi,
710 1825 746 1862 ue
757 1807 829 1861 forte
841 1817 971 1863 notentur

328 1894 432 1952 Contra
446 1899 555 1968 Collega
566 1898 637 1969 jussa
648 1897 746 1953 redisse
759 1890 810 1954 sit.
1176 1901 1227 1975 bqo

141 2067 223 2140 Duo
235 2063 272 2141 in
286 2094 424 2142 censura
438 2065 573 2164 collega
589 2085 669 2145 tuuc
684 2067 796 2156 lisere,
816 2068 950 2172 Appius
964 2065 1125 2144 Claudius
1138 2087 1173 2144 et
1185 2070 1225 2145 C.

141 2187 318 2282 Plautius;
335 2193 407 2267 Liv.
428 2195 460 2282 l,
479 2221 508 2267 c.
525 2194 678 2269 -Versu
697 2192 770 2297 690
784 2194 849 2270 sub
862 2193 980 2296 collega
992 2194 1071 2298 qui,
1087 2222 1130 2271 ne
1149 2194 1227 2270 im·-

140 2330 216 2390 tum
230 2313 354 2391 saccret
370 2315 567 2406 consilium,
582 2317 736 2408 timetur,
754 2316 846 2393 baud
859 2317 964 2395 dubie
972 2304 1108 2424 Appius
1124 2317 1226 2394 Clau·

141 2438 220 2516 dius
235 2438 490 2538 intelligendus;
508 2441 551 2516 cf.
569 2471 599 2516 r.
618 2439 701 2516 663.
720 2439 871 2517 Alterius
886 2471 1011 2518 nomen
1027 2443 1064 2517 iu
1081 2441 1226 2540 vulgatis

140 2563 255 2654 deest,
274 2563 332 2640 sed
350 2590 369 2637 e
385 2563 474 2640 varia
486 2563 629 2641 lectione
646 2561 779 2640 Cautius
792 2593 856 2667 pro
875 2562 1021 2640 &ladas
1027 2565 1224 2666 jamdudum

138 2687 283 2785 Pighius
300 2716 318 2762 e
336 2688 528 2788 conjectura
540 2688 732 2764 restituerat
744 2687 910 2776 Plausus,
927 2685 1022 2789 quod
1036 2688 1135 2763 unice
1148 2716 1224 2764 seu·

138 2837 216 2886 sum
233 2810 426 2915 praebebat,
446 2839 552 2913 quum
567 2839 691 2886 nomen
702 2811 880 2913 proprium
891 2810 942 2884 ibi
958 2811 1148 2887 necessario
1165 2808 1224 2886 de·

139 2934 354 3012 sideraretur.
374 2939 404 3012 E
421 2938 531 3034 gentis
548 2936 689 3012 Plautiae
705 2942 845 3012 nummo
868 2935 958 3033 (vid.
979 2935 1102 3012 Ekhel.
1121 2935 1144 3010 l.
1162 2939 1225 3032 c.)

139 3085 242 3160 quem
259 3060 383 3162 ipsein
399 3061 539 3149 Museo,
559 3058 653 3161 quod
670 3058 827 3135 Cassellis
842 3076 912 3149 est,
934 3060 1085 3161 inspexi,
1102 3059 1165 3134 ubi
1181 3058 1224 3134 ad

139 3181 286 3284 lepidam
303 3182 389 3258 hauc
408 3183 646 3286 catastrophen
663 3181 841 3272 alluditur,
857 3183 913 3257 vix
931 3181 1073 3257 dubium
1092 3211 1226 3262 maneat

140 3308 284 3410 poterit,
300 3306 469 3382 Plautium
481 3308 731 3384 tuncrestitutae
744 3307 838 3409 pacis
849 3324 884 3381 et
898 3307 962 3410 pia
969 3306 1098 3383 fraudis
1107 3324 1225 3383 aucto-

140 3461 212 3506 rem
229 3433 349 3522 fuisse,
366 3450 400 3508 et
418 3432 532 3529 Pighii
547 3434 772 3533 conjecturam
789 3421 886 3507 unice
902 3451 1026 3508 rectarn
1046 3459 1223 3535 veramque

142 3585 225 3632 csse.
245 3555 360 3632 Habet
374 3585 533 3632 nummus
550 3559 586 3632 in
604 3560 685 3631 Aut.
700 3557 871 3654 Personam
883 3558 1050 3645 nubum,
1065 3556 1219 3658 inscript.

137 3685 180 3757 l..
200 3679 371 3767 Planum
393 3679 430 3754 in
452 3709 566 3761 averso
585 3697 693 3756 exstat
709 3683 844 3757 Aurora
857 3678 944 3756 alata
958 3698 1104 3781 quatuor
1115 3707 1221 3783 equos

139 3805 289 3893 ducens;
309 3802 504 3878 inscribitur
524 3803 673 3878 Plancus.
694 3804 842 3877 Persona
858 3800 1032 3877 muliebris
1050 3801 1092 3877 ad
1107 3803 1222 3902 jocum

140 3957 161 4003 a
183 3957 219 4003 se
234 3925 479 4024 excogitatum,
497 3927 630 4002 Aurora
658 3923 702 3999 ad
727 3941 861 4029 tempus
882 3923 1112 4027 catastrophes
1133 3923 1221 4000 allu-

139 4051 260 4141 debat,
277 4068 346 4127 eta
364 4050 524 4148 (lignitate
541 4049 649 4147 gentis
661 4077 731 4124 non
747 4049 892 4125 alienum
909 4067 995 4137 erat,
1010 4051 1156 4124 nummis
1169 4049 1222 4124 in-

142 4175 265 4252 cudere
279 4201 394 4250 casum
411 4173 576 4277 aliquem,
596 4174 655 4277 qui
678 4173 757 4252 sesti
778 4173 919 4272 alicujus
945 4173 1108 4248 Romanis
1123 4173 1220 4270 origo
