3025 5009
395 443 707 513 FASTORUM
738 448 838 515 LIB.
865 448 910 515 V.

1126 450 1193 543 319

156 587 203 659 Et
218 612 281 659 ros
294 586 448 659 Lunares
467 582 650 659 exsiluistis
667 586 756 686 equi.

108 705 176 779 Sed
191 731 303 806 neque
322 722 411 782 terra
424 703 482 777 diu
500 701 602 792 culo,
617 729 679 777 nec
696 722 811 778 caetera
827 702 958 781 Pbtebo

159 822 276 897 Sidera
293 822 479 899 cedebant:
495 839 642 924 parerat
657 821 767 897 omnis
783 820 906 898 bonos.

106 936 205 1037 Saepe
222 933 344 1037 aliquis
363 934 471 1024 solio,
490 935 584 1037 quod
601 952 659 1025 tu,
676 936 838 1025 Summe,
858 936 1011 1027 tenebas,

158 1056 275 1130 Ausus
292 1054 334 1129 de
348 1053 457 1129 media
473 1053 574 1156 plebe
589 1054 703 1129 sedere
719 1054 812 1129 deus.

109 1172 158 1245 Et
175 1168 266 1245 latus
285 1172 422 1247 Oceano
438 1170 617 1271 quisquam
634 1168 717 1244 deus
729 1170 856 1243 adrem
871 1169 1003 1270 junxit3

162 1284 291 1386 Tethys
310 1302 344 1359 et
360 1303 508 1360 extremo
527 1312 612 1385 supe
630 1302 762 1385 recepta
781 1283 858 1359 loco
875 1302 943 1359 est:

107 1400 233 1475 Donec
249 1403 389 1491 Honos,
404 1400 606 1504 placidoque
625 1399 745 1475 decens
763 1402 960 1477 Reverentia
978 1400 1073 1476 vultu

162 1520 316 1620 Corpora
332 1518 492 1615 legitimis
509 1520 697 1620 imposuere
715 1518 809 1592 toris.

109 1739 126 1764 a·
141 1716 228 1771 tellus
241 1739 255 1764 n
270 1718 337 1771 Haec
353 1716 408 1772 XV
427 1716 539 1771 Metam.
557 1720 628 1785 241,

109 1795 191 1866 plane
207 1796 393 1866 explicantur,
417 1816 432 1841 s
453 1794 579 1849 Pondere
600 1796 628 1849 iu

110 1896 127 1919 ν
140 1873 256 1928 inferius
266 1873 398 1927 seruntur.
412 1894 426 1919 κ
437 1898 472 1913 ·-·
480 1873 522 1926 De
535 1872 590 1945 sole
603 1884 631 1927 et

111 1952 178 2005 luna
194 1956 312 2015 exsilire,
326 1962 357 2005 ut
369 1950 383 2004 l
396 1950 508 2004 Metam.
523 1950 558 2004 de
569 1950 632 2020 igne

110 2040 229 2088 emicare.

148 2132 187 2181 ¹7·
203 2110 310 2164 Omnes
320 2130 396 2181 pares
406 2122 485 2164 esunt
494 2110 630 2181 dignitate.

113 2189 169 2244 Hic
185 2190 278 2243 miscet
295 2200 384 2258 partes
398 2188 495 2243 mundi
510 2200 537 2242 et
550 2189 630 2255 deon

112 2268 245 2321 illeenim
253 2287 268 2319 e
276 2268 446 2336 cosmossonia
454 2268 563 2335 antiqua
571 2288 633 2337 peu-

111 2362 188 2397 sonoe
197 2354 275 2398 erant
286 2343 390 2397 divine.
409 2344 522 2397 Leusius
535 2355 632 2413 putat,

113 2420 227 2476 describi
244 2420 287 2474 hic
299 2423 440 2490 paritatem
460 2422 487 2473 in
505 2420 634 2473 conviviis

112 2496 245 2564 deorum,
258 2510 286 2551 et
296 2498 439 2567 respexisse
452 2508 559 2566 poetam
570 2514 632 2548 mo-

112 2596 156 2630 res
169 2577 357 2630 Romanorum
369 2576 398 2629 in
411 2576 525 2629 triclinio
536 2595 544 2639 3
561 2573 635 2643 quod

113 2674 164 2723 ego
175 2674 232 2708 non
246 2654 367 2709 arbitror.
381 2654 442 2707 Hoc
457 2670 542 2705 unum
560 2652 634 2719 vult,

113 2732 245 2787 sedebant
256 2733 405 2802 prorniscue
415 2733 445 2785 in
452 2729 635 2784 conventibus.

113 2838 147 2873 -,-
159 2808 204 2864 De
211 2815 288 2878 plebe
299 2810 440 2876 Deorum,
460 2809 488 2861 id
502 2820 561 2875 est,
577 2808 637 2861 Diis

114 2888 226 2945 secundi
238 2888 358 2953 ordinis,
377 2885 483 2941 vidend
497 2888 510 2940 l
523 2887 638 2939 Metam.

119 2963 346 3036 {pb-Oceanus,
362 2965 635 3031 uuusex'l'itanibus,

117 3044 186 3098 cati
202 3056 230 3099 et
241 3044 334 3097 Terre
347 3044 436 3109 lilius,
449 3041 569 3111 adeoque
580 3044 637 3095 Sa-

116 3123 283 3179 !mr'srater.
293 3127 353 3195 lpse
360 3124 428 3177 adeo
434 3136 462 3177 et
473 3127 568 3195 Tethys
576 3142 638 3177 con·

117 3206 165 3271 jun
174 3205 202 3257 in
210 3205 398 3275 antiquissimis
408 3215 484 3259 erartt
492 3202 555 3269 diis,
564 3222 638 3272 quo-

118 3301 182 3335 rum
195 3284 345 3337 rererentiu
363 3300 431 3352 sepe
451 3281 517 3334 deos
533 3280 637 3344 morit3

121 3362 149 3417 ll
160 3361 275 3415 Metam.
289 3366 346 3415 510.
364 3361 491 3429 Antiquis
504 3371 639 3413 terrarum

121 3442 215 3496 ineolis
237 3443 462 3511 opponebantur,
484 3458 547 3493 cuns
566 3458 639 3493 oon-

121 3534 210 3581 terutu
220 3524 395 3592 plerumque,
407 3525 527 3583 adnare,
543 3520 571 3574 id
583 3529 639 3588 est,

120 3602 266 3671 peregrini.
278 3602 371 3671 ltaque
380 3611 458 3671 poeta
472 3600 521 3653 diis
532 3617 640 3669 quoque

121 3679 240 3749 antiquis
256 3683 384 3742 advenas,
406 3698 490 3732 novos
504 3689 533 3733 et
544 3680 640 3732 bumi-

121 3760 202 3813 liores
215 3758 294 3827 deos,
312 3760 442 3830 opposuit.
460 3758 573 3813 lansius
592 3779 642 3829 pu·

122 3838 196 3891 tabat
206 3876 214 3904 ,
227 3836 346 3907 plebeios
356 3836 433 3904 ideo,
447 3840 562 3890 aduenas
572 3835 623 3889 dici
633 3876 642 3903 ,

122 3914 187 3984 qaia
197 3914 302 3985 longius
312 3935 327 3969 a
338 3916 414 3968 Jovis
424 3915 522 3985 palatio
532 3913 642 3966 habita-

122 3994 180 4047 rint
191 4014 198 4057 ς
214 3993 225 4047 Ι
236 3994 347 4046 Melam.
361 3994 416 4061 173.
423 3996 530 4047 Verum
537 3991 643 4045 illucaeli

123 4067 644 4140 domidliorurnqueeaelestiurndescrip-

123 4152 164 4205 tio
173 4151 286 4206 Saturni
298 4162 421 4221 tempore
428 4151 554 4204 nondum
564 4160 622 4203 erat
634 4169 642 4214 3

678 1722 782 1772 adorno
794 1716 845 1771 dici
857 1726 973 1787 possunt.
992 1716 1120 1771 Heinsius
1132 1736 1196 1772 urea

677 1797 787 1863 luebat,
803 1806 833 1850 ut
846 1796 888 1849 bic
901 1814 968 1849 vers.
980 1806 1048 1849 esset
1060 1796 1094 1849 ab
1105 1794 1197 1850 Ovidii
1284 1830 1286 1835 ,

679 1892 762 1927 manu
772 1896 780 1939 ς
792 1874 922 1927 Manarin.
936 1876 1003 1925 Nam
1011 1878 1081 1926 latus
1095 1876 1199 1928 Oceano

679 1956 736 2023 qne‘s
745 1956 848 2023 quando
857 1957 911 2006 lone
924 1956 1044 2020 legebat,
1056 1952 1133 2007 multi
1144 1956 1201 2007 Nec

679 2036 758 2085 latas.
771 2032 864 2100 ltaque
878 2030 948 2083 idem
959 2030 1010 2101 legi
1022 2030 1135 2096 volebat,
1146 2034 1201 2085 Nec

679 2114 750 2164 lam
768 2110 889 2173 Oceano,
913 2112 1028 2178 quomens
1041 2112 1197 2177 arandara,

680 2192 783 2255 legebat
796 2190 897 2261 Tethys.
911 2187 1063 2254 Audacter,
1077 2206 1128 2240 nec
1139 2186 1201 2241 satis

680 2266 800 2321 feliciter.
814 2267 853 2321 Ut
866 2268 943 2337 paulo
956 2278 1018 2321 ante
1031 2268 1157 2321 Saturnus
1174 2278 1203 2321 et

682 2363 753 2397 unus
767 2348 799 2398 de
805 2349 895 2413 plebe,
908 2347 945 2399 sic
956 2364 1030 2398 nunc
1045 2348 1163 2399 Oceanus
1176 2355 1204 2397 et

681 2426 781 2475 adrena
793 2424 861 2475 bene
873 2424 921 2476 sibi
933 2432 1118 2492 opponuntur.
1129 2424 1203 2477 Bur-

682 2519 798 2554 mannus
812 2502 927 2572 legeret:
941 2505 979 2555 E!
991 2506 1061 2555 larus
1078 2506 1198 2565 Oceano,

682 2586 798 2648 pannis
818 2583 881 2632 deus
895 2582 1007 2642 advena,
1022 2580 1129 2647 junxit,
1150 2582 1204 2635 ad-

683 2656 739 2710 dita
757 2657 806 2711 hae
825 2657 1047 2726 interpretatione
1068 2676 1075 2710 t
1098 2658 1158 2713 licet
1176 2670 1204 2712 et

683 2746 751 2788 esset
763 2735 901 2788 minorum
914 2735 1034 2805 gentium
1049 2747 1075 2789 et
1093 2734 1205 2789 adsciti·-

684 2816 736 2867 tlus
750 2816 824 2885 quasi
838 2816 922 2881 deus,
938 2817 983 2885 qni
996 2816 1075 2887 longe
1088 2827 1157 2869 stare
1172 2817 1205 2870 ab

686 2894 798 2947 Oceano
819 2893 945 2961 deberet,
965 2892 1033 2947 sedit
1051 2894 1094 2946 ille
1114 2904 1205 2947 tamen

685 2971 782 3025 eodem
790 2972 901 3037 ordine,
915 2990 969 3041 quo
977 2971 1205 3026 Oceanus-Ile·

684 3061 758 3117 cepta
774 3060 828 3111 est,
845 3048 919 3103 sedes
934 3049 958 3102 ei
972 3050 1062 3102 relicta
1075 3060 1132 3117 est,
1147 3068 1204 3103 τω-

685 3128 750 3182 teris
761 3131 816 3198 jann
830 3128 1036 3182 considentibus.

716 3211 810 3275 23-34.
818 3209 949 3263 Paulatim
956 3212 1049 3263 honore
1057 3206 1206 3263 afficieban-

686 3296 756 3353 tur,
781 3297 968 3356 reverenterque
989 3286 1146 3340 colebantur
1168 3286 1206 3341 dii

687 3365 844 3418 muneribus
856 3376 883 3418 et
896 3365 998 3417 meritis
1011 3366 1145 3435 insignes,
1166 3374 1208 3418 at-

687 3462 741 3511 que
751 3444 788 3495 ita
798 3442 979 3511 najesrasittis
987 3444 1092 3497 accessit
1102 3464 1107 3508 ;
1118 3462 1148 3495 er
1157 3441 1208 3495 bac

686 3522 820 3574 sententia
840 3521 963 3590 praeclara
981 3520 1104 3591 allegoria
1121 3518 1206 3574 efflo-

687 3601 750 3653 ruit
771 3602 923 3653 Reverentia
938 3600 1007 3652 bene
1029 3597 1208 3664 describitur,

689 3680 713 3732 ei
726 3678 800 3733 enini
813 3682 935 3746 placidus
952 3682 1040 3731 uultus
1060 3679 1209 3747 convenit,

688 3759 763 3828 isque
783 3762 895 3811 decorem
913 3758 1058 3826 quemdam
1076 3760 1207 3813 conciliat.

688 3864 724 3877 -
739 3838 818 3890 Toros
829 3841 964 3903 legeremus.
978 3837 1091 3889 Leneius
1104 3836 1208 3889 intelli-

689 3914 727 3983 git
742 3914 822 3967 lectos
834 3914 982 3967 triclinures
994 3931 1043 3982 pro
1053 3931 1099 3967 sun
1113 3912 1209 3981 cuique

690 3992 817 4061 dignitate
832 3992 1029 4045 convenientes.
1041 3991 1137 4044 Krebs.
1148 4010 1210 4043 ver-

690 4070 723 4122 tit
735 4087 741 4121 :
753 4073 794 4121 br's
804 4072 874 4121 Ehre
891 4074 948 4121 und
957 4074 999 4121 die
1014 4073 1120 4136 odrdr'ge
1135 4070 1211 4121 Act-

689 4149 973 4216 tungnrtffefaeellqen
981 4150 1216 4201 Ble'ckedr'eKoerav

125 4250 215 4301 neque
227 4250 243 4285 a
255 4230 325 4301 regis
336 4230 419 4284 ἅοωο
430 4230 535 4299 longius
545 4228 644 4282 remoti
686 4246 736 4295 per
752 4224 807 4293 aas
817 4228 973 4280 schenklrehe
991 4228 1062 4279 Sitne
1078 4230 1211 4293 laeserten.
