3025 5009
315 411 386 496 416
599 414 638 478 r.
665 413 848 482 0v1u11
878 413 1102 485 nasonis

315 552 514 652 Lampsacus
529 550 595 624 hoc
612 551 732 626 animal
750 550 850 654 solita
865 571 918 628 est
932 571 1073 629 mactare
1092 556 1235 658 Priapo:
1336 584 1388 653 ³45

363 671 452 768 Apta
469 667 552 741 asini
568 666 707 742 {lammis
724 667 843 744 indicis
860 687 933 743 exta
950 669 1090 746 danius:
1140 679 1143 687 '
1182 735 1186 742 .

315 787 424 883 Quem
443 801 499 871 tn,
519 783 593 858 diva
609 797 750 873 memor,
773 785 914 888 depane
929 785 1112 862 monilibus
1130 817 1237 865 ornas.

364 901 478 974 Cessat
494 929 580 1002 opus
596 929 603 976 ε
620 930 728 984 vacua
743 899 933 976 conticuere
950 902 1055 977 mola.
1154 981 1156 990 ,
1217 909 1219 912 ’

313 1019 472 1107 Nomine,
492 1047 590 1120 quam
608 1018 716 1120 pretio
732 1015 949 1108 celebratior,
966 1047 1039 1093 arce
1055 1022 1235 1110 Tonantis,

361 1131 495 1220 Dicam,
515 1132 657 1207 Pistoris
673 1131 754 1234 quid
770 1130 850 1206 velit
866 1161 922 1206 ara
938 1133 1042 1208 Jovis.
1336 1157 1387 1212 350

313 1247 428 1322 Cincta
445 1250 679 1350 premebantur
693 1249 844 1326 trucibus
861 1250 1027 1350 Capitolia
1042 1250 1167 1326 Gallis:

363 1366 499 1441 Fecerat
515 1366 649 1443 obsidio
666 1367 733 1466 jam
748 1367 906 1443 diuturna
921 1368 1050 1444 samem.

312 1480 465 1582 Jupiter,
485 1482 526 1558 ad
543 1481 665 1557 solium
680 1483 818 1585 Superis
835 1481 944 1579 regale
960 1484 1105 1573 vocatis,

359 1600 492 1701 Incipe,
509 1599 555 1674 ait
571 1601 691 1688 Marti3
706 1601 863 1704 protinus
879 1600 936 1676 ille
955 1601 1075 1675 refert:
1116 1701 1120 1708 ⁸
1155 1599 1162 1608 “

311 1714 444 1790 Scilicet
459 1716 610 1812 ignotum
628 1735 697 1803 est,
718 1747 791 1818 quae
807 1718 852 1791 sit
867 1717 1002 1793 fortuna
1018 1747 1186 1807 meorum,
1333 1739 1382 1792 355

359 1835 405 1906 Et
422 1832 521 1907 dolor
537 1833 592 1907 hic
609 1832 710 1907 animi
726 1862 807 1908 voce
825 1837 993 1936 querentis
1010 1854 1094 1932 eget.

310 1946 347 2018 Si
366 1963 494 2036 tamen,
513 1965 552 2020 ut
569 1946 708 2022 referam
722 1945 867 2024 breviter
883 1949 969 2024 mala
983 1951 1096 2050 juncta
1111 1949 1253 2052 pudori,

309 2154 389 2224 jicere
409 2154 538 2208 volebant.
549 2182 583 2194 —
594 2155 751 2223 lampsaco:
772 2167 821 2212 cte.
870 2179 1029 2230 quamquam
1043 2160 1070 2213 in
1084 2158 1132 2214 hac
1144 2157 1318 2214 sabulaetiam
1329 2159 1382 2212 Ve-

311 2233 356 2285 Sic
367 2242 395 2285 et
408 2232 439 2297 1,
451 2232 514 2304 439;
532 2243 560 2286 et
570 2233 735 2301 Lactantius,
750 2233 821 2289 dicto
868 2249 915 2293 stae
926 2249 1012 2308 partes
1024 2238 1142 2308 quaedam
1152 2237 1235 2291 luere.
1247 2237 1329 2292 Forte
1345 2255 1380 2288 vs.

309 2311 368 2365 loco
381 2330 388 2363 ι
401 2332 414 2356 κ
428 2311 487 2364 Hac
498 2311 531 2364 de
542 2330 619 2365 causa
629 2312 822 2383 Lampsacenos
869 2319 919 2372 318
930 2337 977 2388 sqq
990 2316 1045 2372 hoec
1057 2315 1191 2370 inserendi
1201 2325 1287 2385 poetae
1299 2334 1381 2370 otca-

311 2413 325 2438 ν
337 2391 445 2444 asellum
456 2391 566 2460 Priapo,
574 2392 682 2461 quasiin
691 2394 820 2448 ultionem
868 2397 971 2450 sionem
984 2395 1089 2450 dedere.
1101 2395 1240 2448 Summam
1253 2393 1292 2446 rei
1301 2392 1382 2446 habet

311 2493 325 2519 »
336 2480 450 2524 mactare
463 2473 628 2525 consuevisse
643 2491 651 2525 ι
669 2471 738 2543 apud
758 2475 820 2527 Ro-
869 2474 974 2541 Livius,
989 2476 1029 2539 V,
1042 2475 1074 2540 48
1085 2493 1091 2526 :
1103 2495 1116 2519 r
1127 2473 1221 2541 Quum
1232 2470 1381 2524 identidem

311 2571 325 2597 r
337 2567 431 2604 manos
446 2568 511 2602 vero
527 2549 654 2604 eumdem
672 2550 821 2606 Vestalibus
870 2573 884 2599 υ
895 2551 964 2605 Galli
976 2551 1124 2623 (Romania
1136 2551 1165 2604 iu
1181 2548 1313 2618 Capitolio
1332 2548 1382 2601 in-

310 2651 324 2676 »
335 2628 428 2695 umis,
439 2626 467 2680 in
477 2625 610 2680 honorem
618 2627 764 2697 pudicitiae,
774 2648 821 2698 pa·
870 2651 884 2677 o
897 2629 990 2697 clusis)
1004 2628 1103 2684 samem
1120 2627 1282 2697 objicerent,
1296 2643 1382 2694 eaque

309 2729 324 2754 ι·
336 2707 413 2759 nibus
426 2707 555 2759 coronari.
570 2727 584 2751 υ
597 2705 665 2759 lnde
677 2717 749 2774 potet
768 2706 821 2759 La·
871 2729 884 2756 u
897 2709 1051 2762 necessitate
1067 2707 1099 2760 ad
1118 2705 1282 2760 deditionem
1301 2723 1382 2757 roca-

309 2784 452 2849 crannum,
464 2784 509 2852 qui
519 2782 617 2836 diserte
627 2793 738 2851 monet,
748 2803 776 2836 se
788 2803 820 2837 ex
869 2807 883 2834 s
896 2795 973 2852 rent,
987 2785 1084 2839 dicitur
1094 2783 1244 2838 avertenda
1254 2784 1312 2851 ejus
1324 2783 1383 2852 opi-

310 2862 402 2918 Ovidii
415 2861 499 2915 Fastis
511 2861 580 2914 hanc
589 2861 703 2914 fabulam
716 2873 819 2930 repete·
869 2885 883 2910 n
894 2864 980 2918 nionis
991 2883 1067 2916 causa
1077 2863 1167 2916 multis
1182 2862 1244 2916 locis
1255 2862 1332 2931 panis
1345 2859 1381 2914 de

307 2963 351 3008 re,
364 2941 415 2994 lroc
431 2959 536 3009 quoque
555 2939 684 2994 distichon
700 2941 819 2994 habuisse
870 2963 883 2989 a
895 2940 1026 3010 Capitolio
1038 2943 1147 3009 jactatus
1157 2961 1210 2993 esse
1221 2939 1250 2991 in
1260 2939 1381 2992 hostium

308 3024 336 3075 in
347 3017 459 3075 suocod.
471 3018 543 3088 quod
552 3019 718 3072 Heinsiusab
728 3020 820 3073 homi·
869 3041 883 3066 »
895 3021 1052 3073 stationes.»
1066 3018 1098 3072 ld
1110 3017 1248 3071 consilium
1265 3017 1299 3070 ad
1317 3016 1381 3070 deos

307 3121 343 3156 ne
359 3099 532 3154 mateteriam
549 3110 646 3168 proter
658 3118 715 3152 rem
731 3100 818 3152 incul-
868 3108 988 3151 auctores
998 3107 1088 3166 postea
1102 3095 1214 3149 relatum
1224 3104 1253 3148 et
1263 3095 1297 3147 ab
1308 3093 1383 3147 Ovi-

307 3195 396 3238 catum
409 3199 464 3235 esse
479 3181 657 3251 putabat;sed
670 3200 720 3235 nec
733 3193 820 3250 potest
866 3173 911 3226 ‹tio
923 3184 1078 3227 exornatum
1086 3173 1224 3226 est-Arx
1238 3173 1380 3233 Tonantis,

310 3264 399 3318 abesse
407 3269 516 3330 propter
527 3279 590 3328 sqq3
607 3279 752 3327 namquem
769 3279 818 3312 re·
870 3250 1224 3322 Capitolium.-Trucr'bns;
1234 3249 1316 3302 etiam
1331 3249 1381 3301 Li-

307 3340 393 3394 fertur
404 3337 436 3390 ad
453 3338 563 3390 asinum.
580 3337 752 3390 Burmannus
763 3336 819 3390 hoec
867 3330 924 3382 75⁰⁵
937 3369 945 3396 ‚
960 3329 1014 3394 Vl.
1030 3330 1079 3382 282
1098 3348 1112 3374 ‘¹
1126 3327 1223 3400 species
1237 3325 1379 3381 Gallorum

307 3420 345 3474 sic
355 3415 451 3486 refingi
461 3414 564 3466 volebat
576 3433 582 3466 :
593 3416 749 3480 Lampsacus
758 3417 819 3468 hinc
868 3417 962 3468 truces.
973 3429 985 3452 υ

306 3499 408 3551 animal
420 3496 501 3546 solita
513 3494 563 3544 doc
577 3502 689 3544 inaurare
703 3495 818 3557 Priapo:
900 3487 957 3552 354.
969 3488 1082 3554 Incipere
1096 3485 1175 3538 etiam
1187 3505 1223 3538 vs.
1234 3485 1281 3548 34·
1297 3485 1380 3538 abso-

308 3580 378 3630 Hinc
388 3573 577 3639 asiut'flamueis
587 3571 682 3621 iudr'cis
691 3580 752 3621 exta
769 3573 819 3622 da·
866 3564 920 3619 tute
933 3565 1046 3634 positum
1059 3561 1102 3615 :h.
1115 3563 1131 3615 l.
1144 3561 1283 3633 snppleud.
1293 3565 1381 3616 resen-

308 3671 381 3718 mm
403 3651 463 3721 quia
474 3653 536 3703 de'rrc
550 3653 623 3700 asciri
632 3657 671 3700 est
683 3648 712 3700 in
729 3649 818 3702 multis
866 3645 1040 3696 re-t'crlicct
1050 3660 1157 3712 gravem
1167 3640 1379 3711 indignationem

308 3732 411 3787 edd-
426 3729 542 3792 Memor,
560 3723 745 3792 aliterjudicat
762 3725 818 3778 La-
866 3741 927 3776 cum
938 3722 1057 3776 irrisione
1066 3720 1179 3790 quadam
1187 3719 1320 3790 exprimit,
1328 3737 1379 3774 ne-

307 3810 419 3864 etantius
432 3827 438 3860 :
451 3831 464 3854 α
476 3803 550 3875 Quid
559 3803 682 3873 turpius?
695 3801 758 3872 quid
769 3803 818 3856 lla-
844 3809 847 3812 '
866 3812 961 3872 gaique
975 3803 1095 3871 ignotum
1109 3821 1162 3855 esse
1177 3800 1220 3865 id,
1237 3800 1310 3869 quod
1321 3802 1378 3868 jam

309 3910 324 3934 »
337 3888 452 3957 gitiosius
461 3926 469 3952 ,
478 3903 559 3954 quam
568 3884 589 3938 si
597 3885 678 3937 Vesta
687 3881 818 3936 beneficio
866 3881 1091 3936 additum—Post
1100 3890 1157 3949 ege!
1165 3880 1258 3935 sustuli
1269 3879 1378 3950 signum

310 3990 323 4011 ν
336 3968 399 4022 asini
411 3968 485 4036 virgo
499 3962 559 4020 est?
571 3987 584 4010 υ
598 3991 632 4004 --
648 3966 740 4018 Cessat
754 3982 818 4030 opus
865 3959 1064 4028 interrogandi,
1076 3958 1146 4028 quod
1159 3959 1186 4010 iu
1200 3957 1243 4010 tali
1256 3957 1378 4010 oratioue

308 4063 404 4115 nempe
418 4045 461 4098 die
472 4042 627 4099 Vestalium.
735 4093 740 4102 ,
865 4035 954 4090 lorum
969 4056 1023 4090 non
1040 4037 1126 4090 habet.
1137 4064 1170 4078 —
1181 4037 1294 4088 Meam
1306 4035 1378 4087 bene

321 4161 325 4168 .
342 4123 468 4194 349-394.
479 4121 613 4191 Digressio
623 4119 735 4174 damn
744 4121 818 4174 Jorr's
864 4135 892 4169 se
905 4114 1000 4182 habet,
1021 4133 1181 4184 quamquam
1193 4112 1269 4168 codd.
1282 4112 1380 4166 melio-

236 4234 240 4246 ·
306 4203 430 4266 lassaris,
445 4217 504 4268 quae
511 4195 816 4270 nonpsrtiuetadrem,
865 4215 907 4250 res
919 4213 1016 4263 magno
1035 4213 1149 4250 numero
1158 4191 1379 4246 materiatum
