3025 5009
268 407 333 501 492
659 407 951 482 excursus

321 559 366 624 1⁰.
394 547 457 637 IV,
476 545 547 648 903
564 546 644 647 (die
662 547 708 622 25
726 547 879 651 Aprilis)
897 547 996 624 Aries
1010 545 1133 622 dicitur
1149 547 1327 622 occidere:

402 737 439 790 Et
450 736 547 792 frustra
559 737 689 808 pecudem
700 736 1018 808 quaeresultbamantidoe
1032 735 1132 791 Helles.

163 951 165 956 .
275 891 414 966 Occasus
440 891 626 997 acmrrycltus
643 892 762 987 (Aries
781 902 851 979 12⁰,
870 890 940 990 45)
962 888 1056 964 valde
1073 889 1152 963 inde
1168 888 1346 978 dissentit,

275 1035 378 1108 quum
395 1008 431 1080 in
449 1007 503 1081 die
522 1007 688 1110 dAprilis
704 1007 844 1098 incidat,
869 1022 953 1081 ortus
973 1005 1125 1090 hincm,
1150 1032 1249 1105 quem
1266 1005 1348 1081 hnic

273 1123 545 1198 substituendum
564 1142 662 1225 putat
678 1123 886 1211 Pontedera,
902 1122 1044 1225 propius
1070 1121 1215 1210 accedit,
1242 1149 1349 1222 quum

273 1235 318 1308 sit
335 1236 370 1310 in
386 1237 492 1312 Ariet.
516 1249 599 1328 22⁰,
621 1237 645 1311 8
674 1238 757 1312 κά.
781 1236 824 1312 13
841 1237 950 1340 April.
977 1240 1135 1311 Attamen
1156 1235 1247 1311 hand
1269 1234 1349 1309 inde

274 1353 444 1453 sequitur,
460 1353 572 1428 locum
587 1352 830 1428 emendandum
844 1381 915 1428 csse
931 1381 1007 1436 curn
1021 1352 1094 1428 viro
1109 1349 1246 1426 laudato
1261 1406 1272 1440 ,

410 1553 466 1609 Nec
476 1553 574 1608 frustra
587 1553 716 1626 pecudem
730 1572 848 1625 queres,
861 1564 911 1608 ete.

279 1713 442 1786 Catemm
455 1741 580 1809 graccus
596 1733 714 1790 auctor
727 1715 870 1790 concivit
884 1743 961 1789 cum
978 1711 1102 1787 ovidio
1120 1741 1128 1784 :
1147 1710 1238 1812 apud
1253 1709 1350 1784 Gem.

277 1829 320 1904 ad
335 1831 436 1905 Tanr.
455 1833 492 1921 Ι,
514 1833 569 1934 qui
580 1831 644 1908 dies
651 1835 726 1934 sere
741 1832 877 1908 convenit
887 1891 896 1918 ,
915 1832 1046 1928 legitur.
1065 1837 1212 1928 Katnrp
1232 1837 1248 1902 ὁ
1270 1838 1353 1928 κριὸς

277 1956 357 2046 λήγει
372 1955 524 2024 §mentor
542 2008 551 2040 ‚
570 1950 690 2040 idest,
716 1951 837 2026 desinit
854 1951 954 2041 oriri,
975 1951 1044 2024 sive
1060 1967 1171 2051 partes
1199 1965 1353 2023 extrema

277 2066 440 2141 asterismi
454 2066 626 2157 oriuntur,
646 2097 749 2168 quum
762 2068 833 2142 dics
847 2067 950 2141 modo
963 2067 1109 2167 scriptus
1128 2063 1171 2138 13
1185 2063 1295 2165 April.
1311 2063 1354 2138 ad

184 2245 189 2254 .
277 2180 419 2258 lucidam
436 2183 471 2259 in
487 2185 593 2286 capite
609 2184 756 2273 Arietis,
775 2186 869 2286 prius
885 2185 1069 2272 orientem,
1088 2183 1263 2285 pertineat.

328 2313 377 2374 2⁰.
397 2299 535 2399 Maioris
548 2302 710 2377 momenti
724 2301 829 2391 locus,
839 2303 903 2388 Ill,
916 2300 988 2394 405
1001 2299 1048 2397 (d.
1066 2299 1088 2372 5
1103 2296 1223 2396 Mart.)
1231 2299 1357 2370 Arcto-

279 2415 402 2518 phylax
418 2415 541 2492 dicitur
555 2445 644 2492 mone
659 2419 809 2503 occidere,
835 2435 874 2491 ut
891 2434 1003 2517 aperte
1021 2415 1122 2490 verba
1138 2414 1353 2516 loquuntur:

414 2609 510 2680 Quum
518 2610 616 2666 croceis
629 2628 718 2664 rorare
732 2609 806 2680 genie
819 2607 947 2663 Tithonia
960 2609 1060 2676 conjux

465 2697 599 2770 Coeperit,
613 2709 641 2754 et
653 2699 752 2769 quintae
766 2708 887 2768 tempora
899 2697 966 2751 lucie
976 2706 1053 2768 aget3

413 2789 475 2844 Sive
488 2801 527 2844 ert
539 2791 734 2862 Arctophylax,
752 2789 806 2843 rive
819 2799 859 2844 ert
871 2786 947 2858 piger
957 2786 1000 2842 ille
1015 2788 1115 2842 Bootes

463 2883 597 2949 Μαρίαν,
613 2881 683 2935 virus
693 2880 846 2950 essetpietpue
855 2889 922 2933 tuoe

418 2971 456 3025 At
467 2991 523 3026 non
537 2971 647 3042 effugiet
663 2975 825 3027 redemtor.

286 3117 511 3216 substituitur
527 3169 651 3216 occasus
663 3141 828 3216 matutinus
840 3143 925 3216 ortui
933 3141 1121 3243 vespertino,
1143 3139 1178 3212 in
1198 3166 1267 3240 qno
1283 3165 1359 3211 om-

285 3285 344 3332 nes
363 3257 587 3333 consentiunt.
612 3261 819 3348 Euctemon,
842 3258 901 3360 qui
917 3257 999 3332 item
1020 3258 1200 3331 Arcturum
1223 3271 1257 3328 ct
1277 3252 1364 3326 Vin·

285 3478 313 3530 ln
328 3483 380 3551 ἱῷσς
392 3481 501 3533 lucillae
512 3495 605 3532 omues
617 3477 732 3532 rationes
745 3497 800 3550 po·
848 3482 884 3537 uie
893 3485 960 3532 lma
969 3484 1009 3531 uel
1017 3462 1167 3552 dudpepeidtrc
1175 3477 1275 3550 irripere
1284 3474 1365 3537 divae,

285 3554 391 3609 stolant.
409 3553 522 3609 Gaudeo
537 3553 609 3608 idem
626 3554 800 3608 animadver·
849 3554 1366 3628 quumirriperetlp'nl'aciliuccommo·

287 3635 347 3688 tiscc
360 3633 559 3701 Pontederam,
576 3653 601 3704 p.
612 3637 678 3701 405,
690 3633 735 3702 qui
750 3653 800 3687 eo·
848 3637 899 3690 tari
917 3645 1048 3706 poterant
1069 3634 1140 3690 Vide
1163 3630 1369 3688 emendacione·

287 3711 350 3764 dem
360 3711 441 3765 modo
448 3711 578 3766 medetur.
588 3713 628 3767 lta
636 3711 716 3765 etiam
722 3711 749 3766 in
758 3712 803 3766 lib.
851 3712 892 3769 Ill.
905 3713 1014 3779 Ptatfii,
1027 3733 1085 3783 pag.
1097 3715 1127 3766 81
1142 3721 1199 3764 not.
1212 3728 1278 3779 quas
1294 3707 1367 3760 inter

289 3789 332 3844 lll
346 3791 505 3858 Factorum,
524 3791 578 3845 duo
600 3791 718 3845 carmina
731 3793 801 3864 449,
850 3791 921 3846 lianc
933 3792 1013 3845 etiarn
1029 3789 1203 3859 amplectitur.
1216 3788 1299 3841 Parce
1316 3803 1368 3838 er-

291 3857 351 3934 dio,
359 3867 598 3940 intelligendarum
606 3869 802 3940 etexplicanda.
849 3865 1370 3939 rorereaepenotatPetaviuaDieap.9e.

289 3943 401 4002 Facilior
416 3959 505 4002 tamen
524 3947 633 4002 fortasse
649 3947 802 4002 emendatio
853 3947 885 4001 C.
898 3945 1031 4001 Firmicue
1040 3965 1090 4016 pro
1101 3939 1370 4000 occasuortumacn'·

289 4021 377 4090 soret,
389 4025 409 4078 si
420 4030 518 4103 irripere
531 4033 593 4082 mian
604 4026 720 4097 legatur,
732 4024 804 4096 quod
852 4027 921 4097 peit,
934 4024 1025 4094 Vltl,
1040 4027 1088 4093 14,
1101 4044 1159 4095 pag.
1175 4041 1226 4095 91,
1245 4019 1278 4073 Α·
1291 4017 1370 4075 Idem

291 4119 367 4168 reque
378 4122 473 4158 verum
485 4114 543 4172 eet,
556 4115 609 4160 eta
621 4105 768 4160 Ptolemaeo
780 4103 805 4158 d.
854 4103 974 4158 Plinium
994 4101 1121 4158 emendat
1141 4119 1148 4154 z
1168 4103 1302 4168 emitur
1319 4111 1373 4165 pro

295 4183 329 4246 5,
344 4199 374 4250 7,
392 4199 410 4254 9
429 4181 521 4236 Martii
541 4183 713 4252 adscribitur,
736 4187 807 4240 ὅκοι·
855 4186 1015 4252 rirrmcrgr'tur.
