3025 5009
334 481 401 568 4⁸4
716 479 1006 552 excursus

331 652 447 700 omnes
464 625 514 698 ibi
532 622 665 713 stellas,
689 624 748 698 scd
767 626 882 726 prima
904 642 1032 700 tantum
1052 642 1087 698 et
1106 625 1258 700 secundae
1275 628 1401 724 magni·

332 741 479 829 tudinis,
500 740 657 828 indicari3
678 740 861 836 Vergilias,
879 741 1008 816 Hoedos
1026 758 1060 816 et
1076 741 1237 840 ejusmodi
1258 745 1401 819 minores

331 860 479 935 exclusas
500 887 581 934 esse.
607 859 885 936 Fructuosissima
909 859 1057 960 ejusdem
1075 879 1158 934 nota
1182 878 1251 949 est,
1276 865 1401 963 quade

321 975 545 1064 ¹auctoribus,
572 973 659 1048 unde
684 973 865 1048 conflatum
885 992 960 1062 est,
989 974 1081 1048 etde
1099 975 1316 1070 regionibus,
1341 978 1400 1051 ubi

330 1089 453 1188 singuli
482 1089 731 1176 observabant,
760 1090 924 1191 exposuit
954 1131 993 1145 ·-
1021 1089 1175 1165 Alterum
1204 1109 1256 1166 est
1280 1092 1406 1168 Gemriu'

330 1208 467 1306 (Petav.
488 1204 625 1280 Uranol.
646 1235 680 1306 p.
699 1204 770 1303 64)
788 1205 838 1278 ilb
853 1205 1041 1293 subsimile,
1059 1208 1106 1282 ita
1118 1225 1227 1282 tamen
1240 1227 1278 1283 nt
1294 1210 1403 1285 sidem

328 1349 397 1394 non
418 1321 541 1396 mensis
562 1321 705 1407 diebus,
730 1319 790 1394 sed
810 1321 983 1414 signorum
1007 1320 1141 1396 Zodiaci
1165 1323 1319 1423 partibus
1340 1325 1402 1397 ad-

327 1438 451 1537 scripta
470 1437 547 1517 sint,
563 1437 735 1524 Tertium,
759 1467 783 1510 a
800 1435 935 1510 Leombo
958 1436 1104 1537 quodam
1127 1436 1229 1510 latine
1244 1467 1399 1532 versum,

323 1582 344 1628 e
360 1551 517 1653 pluribus
533 1551 748 1653 compilatum
766 1569 800 1625 et
814 1551 885 1625 sine
903 1550 1098 1624 anctoritate
1109 1551 1244 1625 Petavio
1257 1553 1397 1628 videtur.

325 1668 419 1744 Actis·
438 1667 594 1744 Aruidem'
614 1667 735 1742 medici
758 1684 942 1767 παράπηγμα
964 1669 1106 1766 (Petav.
1132 1670 1231 1762 421)
1254 1699 1309 1746 eas
1324 1689 1400 1746 tan-

324 1804 395 1860 tum
412 1785 497 1862 aeris
513 1787 735 1874 mutationes,
753 1815 827 1888 qua
842 1785 886 1860 ad
898 1801 1098 1881 aegrotorum
1114 1803 1238 1860 statum
1253 1788 1399 1890 aliquam

322 1903 389 1976 vim
413 1900 537 1976 babere
561 1901 808 1990 credebantur,
837 1900 992 2002 excerpit.
1019 1943 1058 1956 -
1086 1904 1195 1976 Usum
1223 1907 1397 1980 commin

321 2019 551 2091 Romanorum
571 2017 667 2091 lastis
691 2018 846 2102 rusticis,
875 2017 933 2118 qni
950 2016 1014 2091 toti
1030 2018 1072 2091 ab
1090 2017 1131 2090 iis
1146 2017 1213 2094 sere
1230 2021 1395 2121 pendent,

321 2133 525 2236 explicandis
543 2153 575 2208 ct
593 2132 815 2233 dijudicandis
830 2133 1008 2208 maximum
1023 2161 1113 2221 esse,
1132 2154 1232 2236 patet

369 2250 431 2321 111.
444 2248 662 2322 lnbacetiam
673 2275 728 2338 re,
740 2247 1269 2350 Gracispraeuntibus,llomani
1280 2254 1395 2326 rustici

315 2365 432 2440 eadem
448 2385 700 2469 parapegmata,
720 2365 761 2440 ad
779 2395 852 2468 quae
863 2367 998 2463 negotia
1014 2368 1139 2440 mstica
1154 2391 1398 2470 componerent

317 2503 351 2560 et
360 2485 448 2561 unde
458 2503 669 2588 tempestates
682 2485 914 2588 praeviderent,
932 2482 1131 2584 qnotitbano
1144 2513 1208 2558 usn
1223 2488 1395 2576 terebant,

318 2624 352 2680 et
369 2604 531 2692 Ovidius,
551 2605 587 2678 in
606 2605 749 2678 carmine
760 2601 1029 2688 snocondendo,
1046 2602 1111 2676 bos
1127 2603 1231 2678 fastos
1247 2606 1395 2682 rusticos

318 2753 394 2799 cum
410 2723 566 2812 urbanis,
583 2723 641 2824 qui
655 2751 731 2796 raro
748 2721 894 2796 sidorum
907 2720 1109 2795 mentionem
1126 2722 1300 2820 injiciunt,
1319 2754 1395 2799 con·

314 2839 435 2940 junxit.
455 2838 646 2914 Accedebat
661 2855 771 2912 autem
783 2837 820 2910 in
835 2834 985 2910 bisalius
1002 2835 1110 2910 adhuc
1126 2865 1223 2924 usus,
1237 2839 1393 2915 seriarum

317 2953 387 3028 scil.
408 2953 607 3028 rusticarum
624 2951 904 3054 publicorumque
927 2950 1160 3026 sacrificiorum
1182 2955 1391 3044 notationes,

317 3097 416 3171 quem
436 3085 545 3142 tamen
562 3095 659 3141 usum
686 3066 801 3163 graecis
819 3067 919 3140 etiam
939 3069 1241 3168 =parapegmatibns
1266 3069 1391 3160 luisse,

317 3189 478 3287 conjicere
489 3185 568 3259 licet
584 3213 601 3258 e
615 3183 746 3259 Colum.
765 3186 830 3271 IX,
847 3201 928 3272 xlv,
940 3185 969 3282 §.
987 3209 1044 3257 12:
1060 3183 1180 3258 Verum
1193 3186 1224 3258 in
1239 3184 1300 3261 hoc
1312 3192 1393 3264 run‘s

315 3304 476 3404 disciplina
504 3329 614 3402 sequor
632 3327 714 3374 nunc
738 3297 876 3372 Eudoxi
893 3313 928 3372 et
950 3300 1113 3387 Metom's,
1142 3303 1392 3406 outt'quomnqrae

302 3421 411 3523 scotus
437 3418 676 3517 ustrohgcrum,
707 3416 764 3516 qui
785 3429 858 3488 sun!
883 3415 984 3516 optati
999 3414 1133 3515 publicis
1157 3417 1323 3518 sccrrficti's.
1346 3463 1386 3477 —

316 3537 451 3612 Mutato
474 3533 649 3606 horizonte
661 3549 707 3606 'et
727 3549 876 3632 tempore
894 3531 1015 3604 veritas
1039 3559 1156 3605 eornm
1178 3531 1271 3606 nulla
1291 3552 1390 3622 erat,

315 3656 371 3732 sed
389 3655 486 3728 etiam
502 3669 581 3756 post
595 3649 734 3725 Caesaris
747 3648 965 3723 accuratiores
978 3646 1124 3722 calculos
1137 3677 1266 3750 semper
1280 3651 1391 3725 adbuc

313 3773 349 3846 in
368 3801 432 3846 usu
449 3769 648 3854 manebant,
669 3785 705 3840 et
725 3765 762 3838 in
780 3793 930 3838 normam
952 3760 1163 3860 negotiorum
1186 3765 1392 3843 rusticorum

314 3887 572 3963 adhibebantur.
592 3883 708 3978 Pergit
725 3880 799 3956 Col.
817 3880 840 3955 l.
859 3910 888 3954 c.
910 3879 996 3982 Quin
1010 3883 1210 3957 electiores!
1225 3884 1284 3958 istu
1298 3901 1393 3959 vetus

312 4005 451 4106 agricolis
467 4017 610 4096 concepta
624 4000 730 4096 apricio
737 4027 752 4086 ;
770 4027 825 4072 nec
841 4013 940 4071 tornea
958 3995 1137 4108 fflpparcb'
1150 3999 1302 4074 subtilitas
1311 4002 1395 4099 peie-

308 4124 484 4226 giticn'buc,
507 4135 541 4195 ut
555 4121 656 4206 aium,
684 4118 861 4191 rustt'corum
883 4117 978 4190 literni
998 4119 1166 4191 necessaria
1187 4134 1241 4192 est.
1266 4121 1320 4191 Ex
1348 4119 1395 4191 iis

314 4229 425 4316 autem
442 4236 624 4311 kalendaria
640 4235 751 4310 ruscea
773 4231 918 4306 sa'derolio
934 4249 972 4307 ut
989 4233 1079 4332 apud
1098 4231 1229 4308 Colum.
1249 4235 1324 4324 Xl,
1347 4259 1371 4305 2
1386 4263 1395 4323 ;
