3025 5009
303 451 373 538 act
700 451 990 522 excursus

300 595 443 670 sormam
454 593 491 666 in
504 591 598 668 lastis
615 619 702 694 saepe
721 609 798 667 ante
814 590 931 668 oculos
942 589 1045 700 [uisse
1060 610 1094 668 et
1106 592 1327 671 Vallenarius
1340 595 1384 671 acl

303 717 500 796 Callimachi
523 716 702 814 elegiarum
724 716 933 814 fragmenta,
958 747 1034 820 pag.
1065 745 1127 808 10,
1150 735 1185 794 et
1205 719 1332 796 Jacobs
1347 722 1384 794 in

300 841 657 918 Animadversionibus
674 838 717 916 atl
732 839 873 915 Anthol.
891 871 942 937 gr.
958 841 1104 931 vollll,
1120 870 1155 944 p.
1173 862 1222 932 lt,
1241 872 1276 945 p.
1293 843 1382 931 182,

301 965 445 1069 amplexi
462 983 567 1040 sunt:
586 966 648 1039 etsi
664 964 778 1067 prior,
798 994 875 1067 pag.
894 965 941 1055 8,
961 993 1032 1040 non
1055 965 1221 1061 elegiaco,
1247 966 1307 1041 sed
1324 968 1383 1043 he·

301 1093 394 1168 ruico
412 1108 520 1168 metro
539 1093 774 1167 concinnatum
788 1090 891 1166 fuisse
906 1091 996 1194 velit.
1022 1093 1099 1167 Hoc
1117 1120 1268 1182 carmen,
1289 1093 1385 1194 cnjus

301 1217 486 1314 fragmenta
500 1233 632 1292 exstant
646 1217 682 1290 in
700 1215 751 1290 etl.
766 1215 931 1307 Emestii,
950 1219 1180 1292 Romanorum
1197 1217 1296 1292 etiam
1313 1247 1384 1292 ma-

301 1343 404 1418 nibus
416 1341 607 1443 frequenter
621 1339 737 1416 tritum
748 1369 837 1430 esse,
854 1339 1035 1430 Varronis,
1053 1341 1159 1417 Servii
1172 1341 1383 1444 aliorumque

294 1466 402 1542 ¹,citata
415 1465 554 1554 docent,
568 1483 602 1539 ct
617 1465 730 1567 ipsum
742 1464 921 1556 Ovidium,
934 1466 1039 1540 Trist.
1054 1467 1097 1555 V,
1115 1485 1151 1555 v,
1167 1465 1234 1555 33,
1251 1466 1288 1540 in
1303 1496 1384 1568 pro-

302 1592 405 1689 digii,
429 1591 522 1693 quod
538 1590 576 1665 in
592 1589 739 1666 Eteoclis
756 1609 790 1667 et
805 1589 974 1694 Polynicis
997 1591 1098 1667 sacris
1113 1590 1241 1682 fiebat,
1268 1621 1383 1667 narra-

302 1719 395 1794 tione
412 1718 482 1793 haec
498 1727 576 1792 αἴτια
589 1718 775 1819 respexisse
787 1717 947 1819 judicavit
964 1718 1199 1793 Ruhnkcnius.

426 1904 489 1960 Hoc
508 1903 661 1973 (memini)
675 1901 813 1973 quondam
826 1900 885 1957 fieri
897 1921 954 1957 non
966 1921 1042 1974 posse
1052 1901 1198 1972 loquebar,

470 1998 507 2054 Et
518 2016 562 2053 me
575 1996 710 2052 Battiades
725 1996 812 2067 judice
823 1997 904 2053 salsus
917 2007 983 2052 erat.

351 2145 566 2250 Epigramma
576 2145 795 2244 Anthologiae
811 2144 898 2246 (vicl.
915 2146 1026 2222 Bentl.
1047 2147 1089 2222 acl
1105 2147 1301 2222 Callimach.
1315 2147 1380 2223 sra-

299 2288 459 2368 gmenta,
482 2298 559 2373 pag.
580 2268 672 2364 416,
698 2270 749 2345 ed.
777 2271 939 2369 Emest.)
957 2289 1065 2347 totum
1091 2299 1223 2347 carmen
1246 2273 1380 2348 somnio

300 2396 465 2471 contineri
482 2397 591 2486 canit,
610 2395 646 2470 in
663 2425 732 2500 quo
746 2395 970 2472 Callimachus
984 2397 1021 2471 in
1038 2396 1235 2473 Heliconem
1251 2394 1381 2472 delatus

300 2551 321 2596 a
334 2520 445 2598 Musis
462 2521 547 2624 ipsis
561 2520 719 2598 derebus
735 2521 904 2624 antiquis,
920 2522 1110 2623 priscorum
1122 2523 1299 2597 hominum
1314 2523 1382 2597 rita

299 2666 334 2723 et
346 2648 498 2724 moribus
518 2665 579 2724 etc.
599 2675 750 2752 quarens
768 2676 842 2751 que
860 2647 1012 2738 volebat,
1032 2648 1170 2724 edoctus
1187 2649 1241 2724 sit.
1259 2646 1381 2721 Ultimi

298 2799 438 2864 versus,
1241 2772 1245 2777 ⁴

445 2953 478 3010 Δί
496 2951 526 3010 δι’
551 2952 575 3008 οἱ
596 2954 738 3034 εἰρομένῳ,
759 2939 821 3030 ἀμφ’
845 2943 978 3031 Ὠγυφίων
995 2942 1089 3032 tlps'sos

506 3057 584 3118 Atos
596 3058 641 3116 καὶ
652 3061 776 3140 μακάρων
789 3057 857 3140 siper
868 3060 1058 3137 cipetssa'prsat,

300 3208 524 3307 conjecturam
542 3207 801 3298 commendant,
826 3208 987 3284 Ovidium
1003 3208 1216 3310 potissimum
1236 3207 1273 3280 in
1289 3207 1380 3281 Deo-

301 3359 377 3406 rum
394 3333 637 3436 Musarumque
659 3334 861 3424 ministerio,
883 3363 951 3437 qno
974 3333 1092 3409 eodem
1114 3362 1253 3437 prorsus
1274 3331 1378 3406 modo

301 3455 410 3531 utitur
423 3457 508 3555 (IV,
527 3483 590 3558 191
606 3485 614 3545 ;
631 3459 674 3545 V,
695 3483 714 3558 7
732 3485 817 3559 sqq3
836 3459 902 3546 Vl,
925 3457 995 3559 798
1008 3475 1070 3532 etc.
1084 3456 1117 3555 ),
1137 3455 1380 3532 Callimachum

299 3579 349 3654 oh
373 3577 490 3656 oculos
511 3578 678 3655 habuisse.
696 3581 836 3656 Veteres
857 3583 944 3655 ritus
967 3580 1019 3655 ibi
1045 3580 1228 3683 explicatos
1253 3578 1381 3653 hahent

301 3703 418 3800 fragm.
438 3703 461 3776 8
480 3721 512 3778 et
527 3730 572 3804 9;
593 3721 627 3778 et
643 3703 787 3779 Lenzius
803 3703 870 3803 jam
887 3703 1077 3793 annotavit,
1098 3703 1274 3778 historiam
1289 3701 1380 3803 Ilip-

292 3820 451 3928 ¹polytiin
463 3825 592 3904 Callim.
611 3856 689 3902 cum
700 3827 815 3902 eadem
827 3827 864 3902 in
880 3826 1004 3903 Ouidio
1016 3883 1026 3916 ,
1040 3829 1109 3916 VI,
1131 3824 1219 3927 730,
1238 3853 1380 3900 consen-

301 3948 382 4038 tire,
401 3967 486 4024 utet
503 3951 539 4024 in
557 3950 658 4026 rebus
674 3951 788 4048 graecis
801 3979 878 4025 eum
892 3949 1060 4025 interdurn
1076 3949 1260 4051 respexisse
1275 3949 1379 4022 videri

301 4092 426 4174 posset.
445 4074 601 4150 Attamen
617 4074 725 4172 magis
743 4073 910 4166 colorem,
934 4075 1116 4164 rationem,
1132 4093 1165 4148 et
1181 4073 1322 4148 formam
1340 4101 1379 4146 ex

301 4195 368 4270 hoc
385 4197 567 4299 scriptore,
589 4199 761 4277 materiam
784 4200 855 4277 sine
878 4199 982 4276 dnbio
1002 4197 1216 4302 potissimum
1232 4227 1272 4275 ex
1288 4196 1376 4285 aliis,
