3025 5009
420 434 473 504 IN
497 433 684 504 OVIDII
708 431 932 502 FASTOS.
1146 435 1217 522 Ι463

135 574 256 650 ritihus
273 571 481 650 illustrandis
504 593 536 651 et
559 602 600 650 cx
620 573 763 650 historia
785 573 987 653 deducendis
1008 598 1218 666 meruerant,

136 727 261 802 eosque
275 699 457 802 saepissime
470 698 658 802 Dionysius
671 715 705 776 ct
714 680 917 777 Plutarchus
926 701 1051 804 passim
1060 700 1152 786 hanc
1161 732 1220 780 an-

138 825 327 926 tiquitatem
343 821 551 900 illustrantes
567 825 763 926 respiciunt.
781 824 893 900 Etiam
908 827 945 898 in
964 824 1222 923 Quartiouihus

135 951 300 1039 romanis,
316 979 390 1052 quae
402 949 437 1023 id
449 977 557 1048 genus
570 947 674 1028 multa
687 949 866 1041 exhibent,
880 950 1082 1033 Plutarchus
1091 953 1223 1031 easdem

135 1102 275 1175 prorsus
292 1103 369 1150 cum
387 1072 511 1150 ovidio
527 1072 702 1175 proferens
716 1074 918 1165 sententias,
928 1075 1069 1152 eosdem
1084 1077 1219 1166 fontes,

135 1199 222 1274 sorte
240 1217 275 1276 et
291 1200 453 1276 sactorum
471 1200 729 1278 commentarios
748 1199 794 1275 oh
813 1199 931 1280 oculos
948 1201 1106 1280 habuisse
1127 1203 1222 1280 vidc-

138 1342 203 1400 tur.
231 1327 354 1402 Butam
378 1346 489 1404 autem
513 1326 616 1405 luisse
649 1345 810 1428 poetam,
839 1329 900 1430 qui
928 1356 982 1404 res
1003 1358 1157 1406 romanas
1180 1330 1239 1406 ad.

137 1479 251 1528 causas
274 1479 351 1528 suas
375 1450 547 1528 fabulosas
568 1451 743 1530 relerendo
764 1453 929 1530 incertum
956 1483 1025 1556 quo
1046 1459 1243 1557 tempore,

138 1578 284 1653 carmine
295 1578 382 1652 hanc
393 1607 544 1654 romanae
560 1579 776 1682 antiquitatis
787 1596 917 1681 partem
930 1577 1094 1656 illustrare
1107 1607 1224 1658 susce·

137 1719 254 1802 perat,
274 1702 432 1779 discimus
450 1729 490 1778 ex
506 1701 596 1778 Plut
615 1703 651 1777 iu
667 1700 835 1796 llomulo,
852 1729 925 1805 cap.
944 1727 1011 1795 2¹}
1029 1703 1070 1778 cf.
1088 1705 1221 1788 Arnoh.

137 1823 200 1900 lib.
222 1824 262 1915 5,
280 1824 354 1900 init.
374 1843 406 1900 et
422 1824 577 1927 praeclare
592 1825 656 1902 hoc
673 1853 807 1901 carmen
823 1825 961 1900 carmini
976 1825 1144 1902 Ouidiano
1163 1857 1223 1903 co-

139 1967 277 2048 gnatum
291 1951 452 2051 judicavit
469 1954 568 2028 henr.
587 1951 611 2027 l.
629 1981 657 2026 c.
676 1981 710 2056 p.
728 1950 761 2024 5.
779 1950 982 2028 Plutarchus
998 1952 1066 2063 duo
1079 1961 1220 2028 versos¹

139 2076 182 2152 de
198 2074 404 2178 Lupercaliis
418 2107 458 2153 ex
475 2105 515 2152 eo
529 2077 685 2166 laudans,
703 2085 797 2161 αἰτίας
810 2081 953 2176 μυθώδεις
967 2089 997 2151 ἐν
1010 2083 1146 2177 duriora
1158 2085 1224 2180 περὶ

139 2214 198 2275 τῶν
215 2192 379 2298 Ῥωμαϊκῶν
395 2201 567 2304 scripsisse
585 2200 743 2292 tradidit,
761 2218 795 2277 et
810 2201 942 2278 Arnoh.
956 2229 996 2278 ex
1013 2202 1086 2304 ejus
1102 2199 1225 2277 Causa-
1254 2239 1259 2249 ·

139 2325 236 2412 libus,
256 2343 295 2400 ut
309 2323 562 2428 inscriptionem
574 2322 655 2398 libri
671 2322 775 2400 latine
786 2325 902 2414 vertit,
921 2326 1036 2401 Fatuae
1049 2325 1236 2417 historiam¹

140 2448 288 2523 exhibet.
315 2445 357 2522 V
351 2447 401 2523 ide
416 2447 456 2522 de
471 2475 507 2522 eo
520 2445 565 2520 V
557 2445 669 2521 ossium
686 2446 726 2521 dc
742 2447 911 2524 historicis
928 2447 1061 2546 graccis,
1078 2477 1113 2551 p.
1133 2447 1226 2552 337,

139 2589 175 2646 ct
192 2571 233 2647 de
250 2590 341 2675 post.
360 2600 455 2670 grac.
470 2600 506 2674 p.
521 2569 604 2647 225.
618 2573 675 2646 An
691 2570 727 2645 in
745 2570 863 2646 ordine
877 2573 976 2646 etiam
992 2571 1034 2646 ad
1050 2572 1128 2648 anni
1142 2589 1225 2648 tem·

140 2726 225 2802 pora
243 2698 425 2796 digerendo
442 2716 478 2774 et
494 2698 530 2773 in
545 2695 620 2774 aliis
635 2697 779 2774 Ovidius
791 2726 868 2773 eum
881 2697 976 2800 sequi
993 2698 1159 2801 potuerit,
1178 2697 1225 2772 oh

141 2851 267 2928 paucas
281 2823 321 2899 de
336 2851 376 2898 eo
387 2823 527 2898 notitias
544 2850 606 2925 pro
621 2840 711 2896 certo
723 2821 792 2896 dici
804 2821 941 2923 nequit,
952 2851 1057 2925 quum
1073 2822 1141 2924 ipsi
1154 2823 1226 2898 lla·

142 2945 238 3022 raldo
257 2945 300 3021 ad
315 2946 508 3023 Arnohium
525 2945 548 3020 l.
567 2971 597 3020 c.
612 2945 664 3028 ita
679 2946 819 3042 ignotus
834 2945 1021 3035 rideretur,
1042 2962 1086 3020 ot
1102 2974 1227 3021 nomen

142 3073 241 3148 Butae
258 3071 294 3146 in
312 3069 495 3146 Plutarcho
510 3069 750 3166 corrigendum
767 3096 839 3146 esse
856 3085 1009 3170 putaret,
1026 3067 1087 3142 ubi
1103 3069 1227 3144 miran-

143 3194 226 3273 dum
244 3213 315 3284 est,
339 3195 438 3272 ctiam
457 3191 760 3271 Wittenbachium
781 3221 812 3266 r.
830 3220 860 3268 c
886 3189 1050 3291 (Proles
1078 3191 1121 3270 ad
1144 3191 1227 3269 ittu-

144 3319 250 3396 tarch.
270 3319 361 3422 pras.
381 3347 457 3421 pag.
477 3316 549 3412 46)
568 3347 645 3396 cum
662 3345 702 3412 eo
718 3316 906 3393 consentire
921 3316 1037 3390 rideri.
1060 3360 1101 3376 --
1122 3316 1229 3415 Quod

143 3443 235 3520 idem
252 3442 519 3532 ostensius,
546 3472 622 3547 pag.
650 3443 674 3535 l,
696 3442 863 3544 conjecit,
895 3441 1004 3518 simile
1031 3441 1227 3519 Callimachi

145 3569 313 3658 Carmen,
334 3567 427 3670 quod
444 3575 532 3644 Αἴτια
549 3567 770 3657 inscribitur,
794 3563 919 3646 Ouidio
943 3565 1053 3668 quoad
1072 3594 1178 3678 genus
1195 3583 1230 3646 et

180 3797 190 3830 ¹
208 3791 369 3851 Tradiderat
385 3795 421 3850 ibi
439 3793 537 3860 Butos,
554 3811 661 3848 cursum
711 3802 768 3846 tato
776 3790 934 3846 Plutarchus
947 3812 953 3845 :
965 3800 1006 3847 rat
1015 3798 1226 3863 μίμιμιτοῦτὸη

146 3879 177 3932 lu
194 3875 354 3947 Luperclliis
371 3875 519 3930 solemnem
536 3884 663 3945 repeton·
715 3875 851 3947 θρὸμοντὴν
864 3876 941 3947 iopsir
960 3875 1055 3940 ἄγεθαι,
1077 3882 1119 3927 καὶ
1137 3879 1228 3948 τρέχειν

145 3957 214 4012 dum
226 3977 281 4012 ease
295 3977 310 4011 a
322 3956 435 4026 gaudio,
449 3975 503 4026 quo
514 3955 646 4012 Romulus
653 3994 661 4022 ,
713 3959 764 4040 rods
776 3952 821 4004 alst
832 3954 920 4020 γένους,
933 3959 1000 4012 rods:

148 4037 260 4093 Amulio
276 4037 365 4102 victo,
383 4056 462 4092 cursu
482 4035 616 4092 festinavit
635 4035 663 4088 in
711 4037 843 4102 Euaeeduds
857 4037 979 4094 τύπτεντας
992 4037 1050 4096 ὅπως
1066 4037 1116 4090 ro'sr
1131 4033 1229 4107 fair-tad

148 4137 213 4173 eum
225 4117 330 4184 locum,
344 4117 388 4170 uhi
401 4115 462 4186 lupa
474 4115 542 4169 uber
551 4115 576 4169 ei
590 4133 664 4185 pras-
795 4117 886 4180 ἴχσνυς

150 4196 245 4250 buerat
262 4214 268 4250 :
284 4205 311 4250 et
326 4195 412 4266 pergit
423 4195 452 4248 in
465 4194 522 4250 loco
534 4212 613 4264 supra
625 4193 666 4250 ci-
746 4180 867 4264 mlta„
877 4200 936 4251 torar
947 4183 1057 4266 donitas
1068 4200 1111 4262 tte*
1120 4184 1202 4266 lituos.
