3025 5009
299 496 368 563 386
581 499 620 564 Ρ.
654 498 836 567 OVIDII
871 495 1103 566 NASONIS

297 639 361 710 Fas
376 636 459 710 mibi
475 637 639 740 praecipue
657 637 771 712 vultus
788 635 909 712 vidisse
927 635 1068 712 deorum
1089 695 1099 727 ,

351 750 411 825 Vel
432 753 510 852 quia
528 779 602 825 sum
620 769 733 840 vates,
748 748 800 824 vel
816 751 893 852 quia
908 779 1001 825 sacra
1016 779 1111 825 cano.

302 871 364 941 Est
381 896 498 942 nemus
514 866 695 941 arboribus
713 867 874 954 densum,
893 884 1040 942 secretus
1056 865 1099 940 ab
1117 868 1213 942 omni

351 989 443 1059 Voce
459 984 575 1070 locus,
592 985 709 1060 sinon
727 985 979 1086 obstreperetur
996 983 1102 1086 aquis.

303 1103 368 1176 llic
387 1131 450 1198 ego
467 1101 675 1203 quaerebam,
693 1101 795 1200 coepti
814 1129 886 1202 quae
903 1101 1027 1175 mensis
1043 1101 1140 1198 origo

350 1219 469 1307 Esset,
486 1216 569 1290 etin
585 1243 665 1289 cura
680 1214 829 1288 nominis
841 1215 946 1314 bujus
962 1238 1060 1290 eram.

302 1334 388 1405 Ecce
407 1331 484 1405 deas
501 1331 590 1418 ridi,
607 1359 679 1404 non
697 1360 781 1432 quas
797 1350 984 1432 praeceptor
999 1329 1116 1404 arandi

354 1447 512 1534 Viderat,
533 1451 682 1522 Ascraeas
700 1477 805 1548 quum
820 1463 1016 1547 sequeretur
1033 1470 1132 1529 oves;

304 1567 373 1639 Nec
391 1593 473 1666 quas
490 1563 674 1638 Priamides
691 1563 727 1636 in
743 1591 878 1664 aquosae
895 1561 1039 1641 vallibus
1054 1558 1122 1632 Idae
1357 1577 1387 1630 15

302 1771 375 1814 terra
384 1777 478 1812 recens
491 1780 505 1805 «
517 1758 677 1827 seductaque
689 1777 776 1827 nuper
788 1755 820 1809 ab
871 1755 904 1809 de
917 1754 1053 1825 Operibus
1070 1765 1097 1808 et
1111 1753 1214 1808 Diebus
1228 1751 1389 1808 inscribitur.

305 1859 319 1885 s
332 1838 385 1890 alto
393 1835 507 1890 AEtbere
519 1837 625 1905 cognati
637 1835 769 1889 retinebat
778 1853 822 1887 se·
872 1834 963 1886 Etiam
984 1832 1161 1903 Propertius,
1181 1831 1228 1898 ll,
1248 1847 1322 1898 xxv,
1341 1851 1384 1900 77:

305 1939 319 1964 u
331 1916 405 1971 mina
414 1917 499 1970 caeli.»
507 1913 821 1970 -Prodeonnr'l'aubn
872 1934 886 1960 «
898 1913 942 1966 Tu
954 1911 1026 1965 canis
1038 1909 1136 1966 Astraei
1149 1911 1245 1963 veteris
1257 1919 1389 1992 praecepta

304 2016 318 2049 e
329 1996 459 2048 Bernensi
469 1995 543 2048 malit
554 1998 670 2056 dearum,
686 1994 747 2064 quia
760 2011 823 2044 mox
872 2013 886 2038 u
899 2001 984 2060 poetae
993 2011 1007 2036 »
1016 2000 1065 2043 etc
1079 1987 1173 2056 Quum
1188 1985 1253 2040 dicit
1264 1988 1391 2040 Ascms

302 2078 355 2128 dee
373 2074 523 2144 prodeunt3
546 2072 593 2128 sed
612 2071 726 2127 Ovidius
749 2091 823 2125 nunc
869 2065 1390 2140 quamsequerelurores.respicitheog.

306 2152 466 2221 generaliter
489 2152 617 2220 loquitur.
642 2154 733 2205 Vultus
754 2154 823 2204 deo-
871 2169 921 2214 aa,
945 2147 990 2202 ubi
1008 2145 1095 2200 Musa
1111 2145 1308 2208 nominantur,
1330 2164 1390 2215 qun

304 2252 376 2291 mur,
395 2229 466 2285 deos.
477 2260 511 2271 -
525 2234 574 2285 Vel
580 2234 689 2294 ....oel‚
708 2230 822 2299 partim,
872 2229 935 2282 olirn
950 2226 1102 2282 Hesiodum
1122 2225 1261 2295 egregium
1278 2241 1390 2278 mnnen

308 2308 414 2378 partim.
872 2307 1037 2372 docuerunt,
1046 2323 1127 2374 agnos
1139 2313 1292 2374 pascentem
1306 2303 1392 2356 Heli—

337 2406 361 2457 9.
369 2384 401 2438 ln
409 2395 639 2453 nemoreseereto,
648 2385 824 2455 qualeamant
871 2403 939 2440 cone
956 2385 1006 2440 sub
1025 2385 1118 2438 divino
1135 2403 1141 2437 :
1161 2386 1230 2460 ἔρις
1247 2383 1393 2450 ιοιμαὸη9’

306 2463 512 2530 meditabundi,
536 2463 634 2532 cogitat
655 2462 688 2516 de
710 2465 822 2518 nomine
872 2456 986 2522 ἑλαῶνοξ
995 2467 1036 2517 iel
1044 2459 1251 2526 tutioreEadem
1261 2462 1344 2514 verba
1352 2481 1393 2514 re·

307 2542 455 2595 mensis-
467 2545 546 2603 Voce,
559 2559 634 2595 sono.
643 2568 677 2582 -·-
685 2541 824 2610 Quoniam
872 2543 1043 2615 speaitetiarn
1051 2543 1111 2596 Art.
1118 2539 1241 2604 Antaei,
1254 2561 1285 2609 ²7
1296 2559 1325 2592 :s
1336 2541 1394 2594 Nec

308 2619 424 2692 Strozee
430 2619 497 2674 liber
505 2638 559 2672 non
574 2623 648 2688 aqur's
657 2618 766 2686 babeat,
778 2619 825 2684 sed
876 2645 889 2671 a
903 2621 969 2676 mibi
981 2631 1045 2678 sunt
1055 2621 1117 2674 visa
1131 2617 1192 2672 Clio
1205 2617 1336 2686 Cliusque
1349 2637 1396 2671 so-

306 2702 378 2756 am's.
392 2706 533 2766 propterea
545 2697 672 2751 Heinsius
685 2697 824 2765 praeierat,
875 2723 889 2750 r>
902 2719 992 2766 rores,
1006 2696 1130 2754 Servanti
1140 2694 1255 2766 pecudes
1264 2695 1394 2763 vallibus,

307 2777 481 2842 obstreperent
491 2789 568 2837 ares,
589 2773 765 2839 Burmannus
774 2776 827 2829 od·-
875 2802 889 2843 s
904 2780 999 2844 Am,
1017 2777 1075 2831 tuis,
1088 2797 1103 2824 s
1119 2775 1182 2830 Fuit
1198 2785 1291 2830 autern
1306 2779 1396 2828 Ascra

282 2900 287 2917 ,
307 2861 457 2920 streperetur
468 2855 525 2912 ari,
542 2849 623 2919 idque
636 2850 827 2906 laudat'l'aub-
874 2858 946 2912 vicus
958 2857 1085 2923 Boetia,
1101 2854 1149 2914 ubi
1163 2853 1315 2920 Hesiodus,
1330 2853 1395 2908 Cu·-

309 2950 397 2984 nerus.
411 2929 544 3000 Equidem
557 2929 680 2996 arbitror,
695 2928 827 2998 Ovidium
874 2939 925 2994 mi,
945 2937 1061 3003 relictis,
1079 2953 1142 2990 eum
1163 2945 1237 3004 patre
1262 2945 1291 2987 et
1311 2935 1396 2988 Persa

309 3008 393 3079 ipsam
413 3008 502 3060 avium
520 3026 630 3075 vocem,
648 3026 708 3078 que
726 3010 755 3061 in
768 3027 827 3074 ‚ne-
875 3015 956 3070 fratre
967 3015 1055 3082 vixit,
1079 3031 1143 3083 agro
1156 3012 1270 3067 nolendo
1283 3012 1395 3081 peeori-

310 3089 429 3141 moribus
441 3086 528 3142 densis
540 3099 567 3142 et
579 3089 686 3142 seeretis
697 3088 753 3160 lere
766 3087 828 3142 solu
875 3096 977 3164 busque
990 3092 1120 3148 habendis
1134 3109 1245 3161 operam
1256 3089 1333 3144 dans.

308 3166 591 3238 strepunt,e¹cludere
599 3167 718 3222 voluisse.
728 3168 829 3220 Obstre·
912 3177 948 3226 15.
966 3170 1052 3224 Erant
1066 3179 1121 3224 tres
1138 3169 1211 3235 dese,
1226 3186 1288 3238 quse
1302 3187 1394 3224 coram

306 3267 367 3316 pere
383 3258 472 3300 autem
487 3247 568 3300 etiam
582 3246 615 3300 de
632 3247 706 3316 aquis
718 3257 746 3302 et
761 3244 829 3300 soliis
877 3251 1089 3306 Ovidiomnsarn
1098 3250 1226 3320 agebant,
1239 3260 1270 3302 ut
1280 3249 1395 3304 totidem

312 3325 437 3379 arborum
450 3324 696 3390 murmurantibus3
710 3323 830 3394 Proper·
877 3329 1349 3400 quondemconmparideegerant,
1358 3341 1395 3383 at·

312 3403 443 3470 rim,1v,
458 3420 498 3470 ιν,
513 3405 546 3470 4ι
558 3425 573 3450 s
584 3404 722 3473 multaque
734 3403 829 3457 nativis
877 3427 928 3477 que
941 3407 1024 3460 erbis
1036 3405 1130 3461 iisdem
1141 3425 1196 3459 una
1206 3417 1235 3459 ct
1245 3424 1321 3460 nunc
1330 3405 1396 3460 ade-

315 3503 328 3528 ·
341 3482 470 3552 obstrepit
478 3481 558 3536 arbor
567 3482 649 3551 aquis.
658 3505 671 3529 r
686 3483 829 3550 Horatius,
878 3484 1395 3551 ractunoenim,Minervaeevenm,

314 3557 400 3631 Epod.
413 3561 457 3627 ll,
472 3581 501 3612 ar
513 3580 520 3613 :
532 3561 671 3628 datusque
684 3559 756 3626 (nisi
767 3577 831 3612 curn
877 3581 962 3632 quum
972 3562 1000 3616 in
1013 3562 1136 3618 convivio
1149 3560 1310 3616 Thetidiset
1322 3561 1396 3614 Pelei

313 3641 410 3693 Markl.
420 3639 579 3707 frondesque
597 3639 701 3704 malis)
721 3643 831 3710 lymphas
877 3639 1008 3710 nuptiali,
1027 3639 1146 3694 immisso
1157 3639 1190 3692 ab
1204 3637 1286 3692 Eride
1296 3657 1397 3708 pomo,

313 3723 460 3790 obstrepunt
479 3720 651 3772 manantibus.
666 3743 701 3756 -
716 3719 749 3768 In
768 3735 832 3770 cara
879 3721 913 3775 de
924 3721 1011 3774 forma
1026 3731 1232 3786 concertarent,
1249 3738 1263 3772 a
1279 3719 1397 3777 Mercu-

312 3816 397 3858 emar,
414 3795 447 3850 de
464 3814 498 3848 eo
510 3795 668 3865 cogitabam.
682 3795 744 3848 Non
761 3795 832 3852 bene
880 3801 930 3864 rio,
939 3799 1050 3866 iubente
1057 3799 1125 3853 Jove
1134 3839 1142 3866 ,
1151 3799 1179 3852 in
1188 3801 1262 3852 Ida·
1272 3809 1398 3852 montem

314 3873 444 3928 Krebsius
455 3894 462 3928 ε
475 3873 832 3930 1οὶοανίι1ίιιικν.1ιι[η
879 3873 1000 3928 deducte
1013 3875 1121 3930 suntad
1135 3873 1279 3942 Paridem,
1297 3877 1401 3928 Ρνίαιι·

315 3973 381 4007 vers.
396 3957 460 4016 251,
476 3959 504 4004 r'n
510 3971 586 4016 prece
595 3970 672 4006 eram.
879 3953 979 4020 filium,
993 3955 1038 4022 qui
1049 3973 1093 4009 eas
1102 3954 1238 4022 conferret,
1253 3964 1282 4007 et
1291 3952 1398 4006 indede

350 4031 389 4086 rs.
401 4029 472 4086 Deae
484 4031 558 4098 vidi,
575 4050 632 4086 non
645 4031 756 4100 Musas,
772 4049 833 4102 quo
879 4033 1076 4104 pulchritudine
1089 4048 1184 4088 earum
1193 4035 1397 4104 pronuntiante

315 4109 474 4178 plerumque
486 4112 571 4180 poetis
587 4110 705 4181 adsunt,
719 4111 766 4166 sed
783 4111 834 4166 boo
882 4113 1023 4184 Hyginus,
1036 4110 1114 4166 labul
1125 4133 1176 4186 qu
1190 4111 1324 4166 Lucienus
1330 4111 1399 4164 deo·

257 4227 260 4233 ‚
316 4187 394 4242 docte
405 4188 832 4259 variavit—Pmoqotormndr',
879 4207 943 4246 rum
951 4189 1039 4244 Judic.
1052 4200 1117 4244 tom.
1131 4191 1177 4257 11,
1194 4209 1221 4258 p.
1237 4209 1277 4244 ao.
1292 4189 1400 4244 Secum

318 4264 451 4323 Hesiodsu
472 4279 581 4336 propter
604 4286 738 4336 carmen,
760 4267 834 4339 quod
879 4268 947 4324 dnm
965 4269 1056 4334 laune,
1072 4267 1298 4338 judicimlatuna
1315 4278 1356 4321 est
1368 4267 1399 4318 in
