3025 5009
306 527 375 614 454
698 525 988 597 nxcuasus

305 669 421 744 eodem
446 669 580 744 nomine
606 667 805 770 plerumque
830 668 1009 772 complesti
1035 667 1209 759 solebant,
1237 696 1388 747 commn-

305 793 415 870 tandis
425 792 550 869 multos
564 795 681 871 turbas
694 794 831 885 fecisse,
846 812 880 870 et
896 796 1065 870 aduttum
1078 822 1185 892 genus
1200 797 1390 897 pertineant

306 918 437 1018 singula
457 919 552 1009 loca,
570 949 639 995 non
656 921 720 996 rite
737 907 932 996 discrevisse
947 919 1109 1023 reperiam
1130 937 1152 994 ¹.
1177 923 1304 996 Verum
1323 924 1391 1023 jam

305 1045 391 1120 vidit
412 1045 565 1122 Siccama
578 1044 705 1147 aliique
723 1046 740 1145 (
758 1045 879 1120 Graevii
895 1045 1055 1120 Thesanr.
1075 1062 1156 1119 tom.
1176 1047 1260 1118 vtll
1272 1046 1313 1145 ),
1333 1047 1392 1147 qui

307 1168 446 1246 alterum
463 1198 569 1266 genus
584 1168 690 1244 fastos
708 1169 873 1260 minores,
891 1169 1103 1244 kalendarios
1118 1166 1170 1243 vel
1187 1168 1392 1257 kalendaria,

308 1291 448 1368 aiterum
464 1293 568 1369 fastos
581 1295 721 1394 majores
737 1292 905 1382 vocando,
923 1319 1069 1367 errorem
1085 1292 1256 1367 vitandum
1270 1292 1394 1368 docue-

307 1434 406 1506 ruut,
429 1416 492 1491 etsi
513 1416 581 1491 hoc
603 1415 702 1491 etiam
717 1411 921 1490 monendum
938 1434 1009 1505 est,
1026 1415 1069 1491 ab
1086 1432 1172 1517 optt
1190 1417 1395 1519 scriptorum

309 1568 392 1628 usu,
407 1539 468 1614 ubi
481 1568 543 1614 neo
557 1539 635 1614 fasti
648 1538 910 1615 kalendarum
923 1538 1114 1615 kalendaria
1125 1537 1294 1635 leguntur,
1307 1539 1394 1614 hano

309 1661 586 1764 appellationem,
605 1692 672 1764 qua
689 1681 802 1738 tamen
825 1681 859 1738 et
880 1693 944 1739 nos
965 1664 1007 1739 ad
1032 1661 1149 1760 turbas
1171 1663 1324 1739 vitandas
1346 1666 1397 1738 uti

311 1785 525 1876 debebimus,
544 1787 734 1862 abhorrere.
746 1787 850 1890 Apud
864 1806 949 1890 optt.
965 1786 1144 1890 scriptores
1155 1788 1326 1862 Fastorum
1341 1817 1397 1862 no

311 1912 437 1986 meniu
451 1931 594 2014 utroque
609 1941 728 2009 genere
744 1912 952 2001 adhibitum,
969 1931 1085 1988 utrum
1097 1942 1202 2011 genus
1214 1913 1395 2003 indicetur,
1438 1940 1443 1947 ’

311 2035 480 2111 interdum
495 2033 680 2138 dijudicato
695 2035 832 2111 difficile
849 2036 969 2111 reddit.

501 2261 531 2308 1.
559 2233 658 2310 Fasti
670 2235 752 2310 sacri
767 2239 783 2331 (
797 2234 996 2354 dokndores,
1017 2235 1234 2336 kalendariis).

362 2423 465 2498 Initio
479 2423 531 2498 hat
544 2413 680 2513 rabdo,
694 2413 785 2500 unde
799 2440 832 2498 et
843 2451 967 2498 nomen
980 2425 1194 2515 invenerunt,
1208 2424 1295 2499 nihil
1307 2423 1397 2501 aliud
1492 2495 1502 2516 ,

315 2547 407 2624 suere
423 2577 462 2623 ao
479 2547 627 2638 diorum,
646 2548 773 2650 quibus
789 2533 852 2623 fari
871 2548 929 2649 (id
949 2567 1019 2639 est,
1039 2550 1097 2650 jns
1112 2527 1245 2645 dicore)
1264 2549 1398 2638 liceant,

315 2697 376 2746 uso
391 2697 454 2762 ne,
476 2701 538 2775 per
554 2662 662 2747 toran
679 2698 804 2747 anuum
827 2673 1041 2761 notationes,
1064 2673 1111 2747 ita
1135 2691 1176 2747 ot
1195 2673 1303 2749 cnivis
1321 2673 1402 2749 anni

316 2796 402 2886 diei,
418 2796 489 2872 sire
499 2793 621 2887 fastus,
641 2797 709 2870 sive
722 2797 893 2889 nefastus,
910 2799 978 2873 sive
995 2779 1171 2873 intercisus
1184 2815 1285 2885 osset,
1302 2799 1403 2873 certis

316 2915 423 3013 signis
438 2913 499 3014 (F.
516 2915 559 2991 N.
574 2915 688 3016 otE.)
700 2915 722 2990 i.
741 2943 769 2989 o.
788 2916 1017 2991 endoteroisus
1033 2926 1047 2956 ²
1063 2916 1269 3021 adscriptum
1279 2937 1367 2992 esset
1377 2913 1401 2992 ³.

316 3038 518 3116 Efficiabant
539 3039 585 3116 ita·
606 3061 734 3145 partem
753 3042 838 3144 juris
855 3042 981 3133 civilis,
1005 3069 1098 3146 nque
1117 3071 1156 3118 ac
1175 3043 1403 3118 commentarii

317 3163 537 3267 pontificum,
562 3182 597 3239 ot
617 3183 753 3241 serratus
771 3165 1032 3269 pontificesque,
1050 3186 1090 3243 ut
1106 3168 1142 3241 in
1158 3167 1221 3242 hac
1241 3195 1279 3242 re
1295 3168 1404 3264 magis

318 3316 381 3390 pro
399 3285 540 3363 arbitrio
553 3314 649 3386 agore
662 3308 817 3392 possent,
830 3319 849 3365 a
863 3291 984 3394 populi
1000 3309 1181 3394 conspeetu
1196 3293 1261 3367 has
1270 3291 1407 3368 tabulas

200 3445 203 3450 λ
319 3411 498 3510 diiigenter
509 3440 619 3489 arcere
632 3414 723 3490 soliti
737 3435 832 3491 erant
843 3414 872 3507 4;
888 3418 993 3492 donec
1008 3445 1138 3511 summa
1152 3447 1230 3495 cum
1243 3417 1404 3494 senatorii

354 3618 364 3648 ¹
383 3613 486 3670 Omnia
504 3613 618 3667 turbavit
633 3633 658 3665 r.
671 3634 692 3668 c.
708 3612 795 3667 Adam
808 3615 837 3668 in
885 3630 947 3684 rum
956 3613 1096 3684 vestigium
1103 3615 1174 3669 sorte
1182 3624 1292 3686 apparet
1302 3616 1405 3686 inpon

320 3693 437 3762 Antion,
446 3691 525 3746 Rom.
538 3709 552 3746 e
565 3707 630 3744 vnn.
641 3691 765 3763 Meyori,
778 3702 797 3745 t.
806 3694 836 3759 1,
886 3691 1071 3746 tifroeaNuma
1077 3694 1208 3760 instituto,
1216 3693 1261 3747 ubi
1269 3693 1326 3746 Liv.
1334 3695 1404 3762 Lao:

319 3793 345 3844 p.
361 3773 425 3840 526,
441 3773 486 3844 qui
497 3772 579 3826 [astos
593 3771 731 3826 historioos
744 3783 772 3828 et
783 3771 838 3826 ka*
885 3771 1009 3823 Er'sacm
1019 3776 1107 3825 onnia
1116 3765 1247 3840 exsin'pta
1254 3776 1405 3840 mavete-

320 3851 443 3905 lendares
455 3861 482 3904 et
493 3869 596 3905 summa
608 3849 669 3905 imis
679 3850 780 3906 miscet.
885 3855 1032 3919 praehibuit,
1040 3855 1237 3920 qur'busdostir'n
1248 3851 1405 3922 quibusdie·

354 3929 460 3984 'Eudo
477 3928 550 3983 eninr
569 3930 677 3999 antique
695 3947 745 4000 pro
762 3935 791 3984 1¹12
807 3929 837 3984 in
868 3963 871 3968 -
885 3925 945 3995 tus,
955 3931 1051 3997 adque
1058 3931 1153 3998 templa
1164 3947 1241 3983 sacra
1242 3932 1351 3998 fierunt,
1366 3938 1407 3983 a!-

208 4039 209 4042 =
321 4007 371 4078 leg.
384 4009 441 4064 ΧΠ
454 4008 506 4062 tab.
523 4006 593 4078 apud
606 4007 726 4062 Ennium
742 4019 771 4063 et
782 4009 840 4062 Ln-
886 4025 935 4076 que
945 4009 1012 4060 unde
1021 4011 1103 4062 inm
1112 4019 1212 4061 sunm
1221 4016 1374 4076 emantur.

322 4094 386 4138 eret.
395 4097 485 4140 exstat.
495 4083 591 4143 Ciode
600 4089 648 4156 leg.
657 4084 685 4140 lt
693 4126 701 4153 ,
715 4085 746 4152 8;
760 4085 840 4140 Lucr.
920 4085 933 4123 ⁴
949 4085 1115 4153 Liv.1V,3.
1129 4085 1275 4139 Canuleius
1290 4086 1321 4139 in
1336 4105 1404 4139 ora-

323 4159 464 4228 lib.1‚82.
657 4221 659 4224 ,
888 4164 964 4220 tione
986 4175 1079 4220 contra
1102 4174 1226 4220 senatum
1244 4165 1319 4218 inter
1336 4162 1403 4231 alia,

357 4238 369 4272 ³
386 4239 480 4295 Festus
492 4261 531 4294 ex.
546 4243 652 4298 emend.
671 4243 737 4299 Dae.
751 4242 840 4298 Fastis
889 4261 949 4313 qun
957 4241 990 4296 de
998 4240 1122 4296 violentia
1129 4253 1156 4296 et
1164 4240 1262 4312 injuria
1273 4241 1406 4309 ejuscou·

196 4391 200 4401 Ι
321 4323 388 4375 errr'm
400 4316 635 4389 diessastr'irsnol.
648 4321 839 4379 Primurtrso-
889 4321 1405 4395 queriturzaobsecrovoe,ait,sim
