<?xml version="1.0" encoding="UTF-8"?>
<!DOCTYPE html PUBLIC "-//W3C//DTD XHTML 1.0 Transitional//EN"
    "http://www.w3.org/TR/xhtml1/DTD/xhtml1-transitional.dtd">
<html xmlns="http://www.w3.org/1999/xhtml" xml:lang="en" lang="en">
 <head>
  <title>
</title>
<meta http-equiv="Content-Type" content="text/html;charset=utf-8" />
  <meta name='ocr-system' content='tesseract 3.04.00' />
  <meta name='ocr-capabilities' content='ocr_page ocr_carea ocr_par ocr_line ocrx_word'/>
</head>
<body>
  <div class='ocr_page' id='page_1' title='image "./publiiovidiinas00unkngoog_0134.png"; bbox 0 0 3025 5009; ppageno 0'>
   <div class='ocr_carea' id='block_1_1' title="bbox 405 514 1205 586">
    <p class='ocr_par' dir='ltr' id='par_1_1' title="bbox 405 514 1205 586">
     <span class='ocr_line' id='line_1_1' title="bbox 405 514 1205 586; baseline 0 -3"><span class='ocrx_word' id='word_1_1' title='bbox 405 514 714 586; x_wconf 78' lang='lat' dir='ltr'><strong>FASTORUM</strong></span> <span class='ocrx_word' id='word_1_2' title='bbox 740 517 844 585; x_wconf 93' lang='lat' dir='ltr'>LIB.</span> <span class='ocrx_word' id='word_1_3' title='bbox 876 517 935 585; x_wconf 90' lang='lat'>11.</span> <span class='ocrx_word' id='word_1_4' title='bbox 1148 540 1205 584; x_wconf 83' lang='lat' dir='ltr'>aar</span> 
     </span>
    </p>
   </div>
   <div class='ocr_carea' id='block_1_2' title="bbox 135 654 1225 1686">
    <p class='ocr_par' dir='ltr' id='par_1_2' title="bbox 135 654 1225 1686">
     <span class='ocr_line' id='line_1_2' title="bbox 183 654 916 759; baseline 0 -29"><span class='ocrx_word' id='word_1_5' title='bbox 183 656 308 753; x_wconf 79' lang='lat' dir='ltr'>Magna</span> <span class='ocrx_word' id='word_1_6' title='bbox 324 654 393 731; x_wconf 89' lang='lat' dir='ltr'>dati</span> <span class='ocrx_word' id='word_1_7' title='bbox 409 658 524 731; x_wconf 82' lang='lat' dir='ltr'>nutrix</span> <span class='ocrx_word' id='word_1_8' title='bbox 541 658 676 759; x_wconf 77' lang='lat' dir='ltr'>premia</span> <span class='ocrx_word' id='word_1_9' title='bbox 692 657 788 733; x_wconf 87' lang='lat' dir='ltr'>lactis</span> <span class='ocrx_word' id='word_1_10' title='bbox 802 657 916 747; x_wconf 86' lang='lat' dir='ltr'>habet.</span> 
     </span>
     <span class='ocr_line' id='line_1_3' title="bbox 136 770 1010 876; baseline 0.001 -31"><span class='ocrx_word' id='word_1_11' title='bbox 136 770 228 871; x_wconf 79' lang='lat' dir='ltr'>Quid</span> <span class='ocrx_word' id='word_1_12' title='bbox 246 790 336 847; x_wconf 87' lang='lat' dir='ltr'>vetat</span> <span class='ocrx_word' id='word_1_13' title='bbox 351 773 498 849; x_wconf 78' lang='lat' dir='ltr'>Arcadio</span> <span class='ocrx_word' id='word_1_14' title='bbox 517 774 626 849; x_wconf 89' lang='lat' dir='ltr'>dictos</span> <span class='ocrx_word' id='word_1_15' title='bbox 642 804 661 848; x_wconf 91' lang='lat' dir='ltr'>a</span> <span class='ocrx_word' id='word_1_16' title='bbox 678 791 794 850; x_wconf 88' lang='lat' dir='ltr'>monte</span> <span class='ocrx_word' id='word_1_17' title='bbox 811 773 1010 876; x_wconf 78' lang='lat' dir='ltr'>Lupercos?</span> 
     </span>
     <span class='ocr_line' id='line_1_4' title="bbox 182 888 954 993; baseline 0.001 -30"><span class='ocrx_word' id='word_1_18' title='bbox 182 890 318 965; x_wconf 85' lang='lat' dir='ltr'><strong>Faunus</strong></span> <span class='ocrx_word' id='word_1_19' title='bbox 334 890 370 963; x_wconf 90' lang='lat' dir='ltr'>in</span> <span class='ocrx_word' id='word_1_20' title='bbox 385 889 528 965; x_wconf 83' lang='lat' dir='ltr'>Arcadia</span> <span class='ocrx_word' id='word_1_21' title='bbox 545 888 668 991; x_wconf 88' lang='lat' dir='ltr'>templa</span> <span class='ocrx_word' id='word_1_22' title='bbox 686 892 823 993; x_wconf 80' lang='lat' dir='ltr'>Lycaeus</span> <span class='ocrx_word' id='word_1_23' title='bbox 840 890 954 965; x_wconf 88' lang='lat' dir='ltr'>hahet.</span> 
     </span>
     <span class='ocr_line' id='line_1_5' title="bbox 135 1003 1225 1111; baseline -0.006 -28"><span class='ocrx_word' id='word_1_24' title='bbox 135 1010 270 1110; x_wconf 84' lang='lat' dir='ltr'>Nupta,</span> <span class='ocrx_word' id='word_1_25' title='bbox 290 1005 373 1108; x_wconf 91' lang='lat' dir='ltr'>quid</span> <span class='ocrx_word' id='word_1_26' title='bbox 389 1009 586 1109; x_wconf 81' lang='lat' dir='ltr'>exspectas?</span> <span class='ocrx_word' id='word_1_27' title='bbox 601 1035 672 1083; x_wconf 89' lang='lat' dir='ltr'>nou</span> <span class='ocrx_word' id='word_1_28' title='bbox 688 1025 726 1080; x_wconf 91' lang='lat' dir='ltr'>tu</span> <span class='ocrx_word' id='word_1_29' title='bbox 743 1004 953 1107; x_wconf 89' lang='lat' dir='ltr'>pollentibus</span> <span class='ocrx_word' id='word_1_30' title='bbox 967 1003 1101 1094; x_wconf 69' lang='lat' dir='ltr'>herbis,</span> <span class='ocrx_word' id='word_1_31' title='bbox 1164 1022 1225 1111; x_wconf 38' lang='lat' dir='ltr'>l2⁵,</span> 
     </span>
     <span class='ocr_line' id='line_1_6' title="bbox 182 1120 987 1223; baseline -0.005 -26"><span class='ocrx_word' id='word_1_32' title='bbox 182 1126 254 1197; x_wconf 84' lang='lat' dir='ltr'>Nec</span> <span class='ocrx_word' id='word_1_33' title='bbox 268 1150 387 1223; x_wconf 82' lang='lat' dir='ltr'>prece,</span> <span class='ocrx_word' id='word_1_34' title='bbox 403 1149 465 1196; x_wconf 90' lang='lat' dir='ltr'>nec</span> <span class='ocrx_word' id='word_1_35' title='bbox 481 1120 612 1218; x_wconf 75' lang='lat' dir='ltr'>magico</span> <span class='ocrx_word' id='word_1_36' title='bbox 629 1121 774 1195; x_wconf 85' lang='lat' dir='ltr'>carmine</span> <span class='ocrx_word' id='word_1_37' title='bbox 790 1139 896 1195; x_wconf 90' lang='lat' dir='ltr'>mater</span> <span class='ocrx_word' id='word_1_38' title='bbox 912 1120 987 1194; x_wconf 83' lang='lat' dir='ltr'>esis.</span> 
     </span>
     <span class='ocr_line' id='line_1_7' title="bbox 137 1236 925 1342; baseline -0.001 -28"><span class='ocrx_word' id='word_1_39' title='bbox 137 1239 262 1342; x_wconf 81' lang='lat' dir='ltr'>Excipe</span> <span class='ocrx_word' id='word_1_40' title='bbox 279 1238 428 1314; x_wconf 75' lang='lat' dir='ltr'>fecunda</span> <span class='ocrx_word' id='word_1_41' title='bbox 444 1236 611 1339; x_wconf 82' lang='lat' dir='ltr'>patienter</span> <span class='ocrx_word' id='word_1_42' title='bbox 626 1238 761 1312; x_wconf 81' lang='lat' dir='ltr'>verbera</span> <span class='ocrx_word' id='word_1_43' title='bbox 778 1237 925 1313; x_wconf 76' lang='lat' dir='ltr'>dextra:</span> 
     </span>
     <span class='ocr_line' id='line_1_8' title="bbox 184 1352 872 1453; baseline -0.003 -25"><span class='ocrx_word' id='word_1_44' title='bbox 184 1356 262 1428; x_wconf 83' lang='lat' dir='ltr'>darn</span> <span class='ocrx_word' id='word_1_45' title='bbox 279 1380 375 1428; x_wconf 89' lang='lat' dir='ltr'>socer</span> <span class='ocrx_word' id='word_1_46' title='bbox 391 1352 498 1453; x_wconf 88' lang='lat' dir='ltr'>optati</span> <span class='ocrx_word' id='word_1_47' title='bbox 514 1380 638 1427; x_wconf 87' lang='lat' dir='ltr'>nomeu</span> <span class='ocrx_word' id='word_1_48' title='bbox 651 1352 872 1428; x_wconf 83' lang='lat' dir='ltr'>habebitavi.</span> 
     </span>
     <span class='ocr_line' id='line_1_9' title="bbox 137 1465 966 1569; baseline 0 -24"><span class='ocrx_word' id='word_1_49' title='bbox 137 1472 223 1545; x_wconf 84' lang='lat' dir='ltr'>Nam</span> <span class='ocrx_word' id='word_1_50' title='bbox 241 1469 308 1544; x_wconf 83' lang='lat' dir='ltr'>[uit</span> <span class='ocrx_word' id='word_1_51' title='bbox 324 1465 382 1543; x_wconf 92' lang='lat' dir='ltr'>illa</span> <span class='ocrx_word' id='word_1_52' title='bbox 398 1467 489 1559; x_wconf 85' lang='lat' dir='ltr'>dies,</span> <span class='ocrx_word' id='word_1_53' title='bbox 509 1468 591 1545; x_wconf 90' lang='lat' dir='ltr'>dura</span> <span class='ocrx_word' id='word_1_54' title='bbox 607 1498 711 1569; x_wconf 89' lang='lat' dir='ltr'>quum</span> <span class='ocrx_word' id='word_1_55' title='bbox 728 1486 820 1545; x_wconf 86' lang='lat' dir='ltr'>sorte</span> <span class='ocrx_word' id='word_1_56' title='bbox 838 1469 966 1545; x_wconf 76' lang='lat' dir='ltr'>maritae</span> 
     </span>
     <span class='ocr_line' id='line_1_10' title="bbox 186 1584 1219 1686; baseline -0.001 -26"><span class='ocrx_word' id='word_1_57' title='bbox 186 1584 389 1661; x_wconf 88' lang='lat' dir='ltr'>Reddebant</span> <span class='ocrx_word' id='word_1_58' title='bbox 404 1584 492 1660; x_wconf 86' lang='lat' dir='ltr'>uteri</span> <span class='ocrx_word' id='word_1_59' title='bbox 509 1586 653 1686; x_wconf 81' lang='lat' dir='ltr'>pignora</span> <span class='ocrx_word' id='word_1_60' title='bbox 668 1614 743 1661; x_wconf 89' lang='lat' dir='ltr'>rara</span> <span class='ocrx_word' id='word_1_61' title='bbox 760 1586 823 1661; x_wconf 88' lang='lat' dir='ltr'>sui.</span> <span class='ocrx_word' id='word_1_62' title='bbox 1167 1607 1219 1678; x_wconf 71' lang='lat' dir='ltr'>tto</span> 
     </span>
    </p>
   </div>
   <div class='ocr_carea' id='block_1_3' title="bbox 138 1699 1064 2124">
    <p class='ocr_par' dir='ltr' id='par_1_3' title="bbox 138 1699 1064 1920">
     <span class='ocr_line' id='line_1_11' title="bbox 138 1699 1064 1807; baseline 0.003 -31"><span class='ocrx_word' id='word_1_63' title='bbox 138 1701 235 1800; x_wconf 84' lang='lat' dir='ltr'>Quid</span> <span class='ocrx_word' id='word_1_64' title='bbox 252 1700 357 1790; x_wconf 90' lang='lat' dir='ltr'>mihi,</span> <span class='ocrx_word' id='word_1_65' title='bbox 376 1699 557 1791; x_wconf 88' lang='lat' dir='ltr'>clamabat,</span> <span class='ocrx_word' id='word_1_66' title='bbox 574 1701 714 1803; x_wconf 90' lang='lat' dir='ltr'>prodest</span> <span class='ocrx_word' id='word_1_67' title='bbox 728 1704 881 1807; x_wconf 80' lang='lat' dir='ltr'>rapuisse</span> <span class='ocrx_word' id='word_1_68' title='bbox 896 1702 1064 1779; x_wconf 84' lang='lat' dir='ltr'>Sabinas?</span> 
     </span>
     <span class='ocr_line' id='line_1_12' title="bbox 188 1816 938 1920; baseline 0.001 -28"><span class='ocrx_word' id='word_1_69' title='bbox 188 1817 358 1893; x_wconf 85' lang='lat' dir='ltr'>Romulus</span> <span class='ocrx_word' id='word_1_70' title='bbox 370 1848 378 1907; x_wconf 90' lang='lat'>;</span> <span class='ocrx_word' id='word_1_71' title='bbox 392 1817 458 1892; x_wconf 90' lang='lat' dir='ltr'>hoc</span> <span class='ocrx_word' id='word_1_72' title='bbox 475 1816 685 1920; x_wconf 88' lang='lat' dir='ltr'>illosceptra</span> <span class='ocrx_word' id='word_1_73' title='bbox 702 1837 836 1895; x_wconf 87' lang='lat' dir='ltr'>tenente</span> <span class='ocrx_word' id='word_1_74' title='bbox 852 1820 938 1909; x_wconf 59' lang='lat' dir='ltr'>tuin</span> 
     </span>
    </p>

    <p class='ocr_par' dir='ltr' id='par_1_4' title="bbox 138 1932 951 2124">
     <span class='ocr_line' id='line_1_13' title="bbox 138 1932 951 2034; baseline 0.002 -28"><span class='ocrx_word' id='word_1_75' title='bbox 138 1932 176 2007; x_wconf 86' lang='lat' dir='ltr'>Si</span> <span class='ocrx_word' id='word_1_76' title='bbox 194 1960 267 2006; x_wconf 86' lang='lat' dir='ltr'>mea</span> <span class='ocrx_word' id='word_1_77' title='bbox 281 1960 354 2006; x_wconf 90' lang='lat' dir='ltr'>uon</span> <span class='ocrx_word' id='word_1_78' title='bbox 369 1933 476 2021; x_wconf 83' lang='lat' dir='ltr'>vires,</span> <span class='ocrx_word' id='word_1_79' title='bbox 495 1932 553 2007; x_wconf 90' lang='lat' dir='ltr'>sed</span> <span class='ocrx_word' id='word_1_80' title='bbox 570 1932 698 2008; x_wconf 91' lang='lat' dir='ltr'>bellum</span> <span class='ocrx_word' id='word_1_81' title='bbox 713 1933 835 2034; x_wconf 84' lang='lat' dir='ltr'>injuria</span> <span class='ocrx_word' id='word_1_82' title='bbox 851 1933 951 2009; x_wconf 80' lang='lat' dir='ltr'>fecit:</span> 
     </span>
     <span class='ocr_line' id='line_1_14' title="bbox 188 2046 837 2124; baseline 0.002 -3"><span class='ocrx_word' id='word_1_83' title='bbox 188 2046 317 2121; x_wconf 87' lang='lat' dir='ltr'>Utilius</span> <span class='ocrx_word' id='word_1_84' title='bbox 334 2047 443 2122; x_wconf 82' lang='lat' dir='ltr'>fuerat</span> <span class='ocrx_word' id='word_1_85' title='bbox 458 2076 529 2121; x_wconf 89' lang='lat' dir='ltr'>non</span> <span class='ocrx_word' id='word_1_86' title='bbox 544 2047 703 2124; x_wconf 86' lang='lat' dir='ltr'>habuisse</span> <span class='ocrx_word' id='word_1_87' title='bbox 719 2077 837 2123; x_wconf 89' lang='lat' dir='ltr'>nurus.</span> 
     </span>
    </p>
   </div>
   <div class='ocr_carea' id='block_1_4' title="bbox 141 2154 1224 2265">
    <p class='ocr_par' dir='ltr' id='par_1_5' title="bbox 141 2154 1224 2265">
     <span class='ocr_line' id='line_1_15' title="bbox 141 2154 1224 2265; baseline 0.006 -28"><span class='ocrx_word' id='word_1_88' title='bbox 141 2154 265 2238; x_wconf 82' lang='lat' dir='ltr'>Monte</span> <span class='ocrx_word' id='word_1_89' title='bbox 283 2163 347 2237; x_wconf 91' lang='lat' dir='ltr'>sub</span> <span class='ocrx_word' id='word_1_90' title='bbox 364 2162 540 2265; x_wconf 87' lang='lat' dir='ltr'>Esquilio,</span> <span class='ocrx_word' id='word_1_91' title='bbox 558 2164 675 2239; x_wconf 90' lang='lat' dir='ltr'>multis</span> <span class='ocrx_word' id='word_1_92' title='bbox 691 2165 862 2241; x_wconf 79' lang='lat' dir='ltr'>incaduus</span> <span class='ocrx_word' id='word_1_93' title='bbox 878 2166 994 2255; x_wconf 85' lang='lat' dir='ltr'>aunis,</span> <span class='ocrx_word' id='word_1_94' title='bbox 1174 2188 1224 2259; x_wconf 75' lang='lat'>435</span> 
     </span>
    </p>
   </div>
   <div class='ocr_carea' id='block_1_5' title="bbox 109 2328 1269 4369">
    <p class='ocr_par' dir='ltr' id='par_1_6' title="bbox 109 2328 1269 4369">
     <span class='ocr_line' id='line_1_16' title="bbox 139 2328 1226 2401; baseline 0.006 -19"><span class='ocrx_word' id='word_1_95' title='bbox 139 2330 190 2382; x_wconf 87' lang='lat' dir='ltr'>sita</span> <span class='ocrx_word' id='word_1_96' title='bbox 200 2338 272 2383; x_wconf 77' lang='lat' dir='ltr'>suut</span> <span class='ocrx_word' id='word_1_97' title='bbox 280 2355 313 2368; x_wconf 89' lang='lat'>·-</span> <span class='ocrx_word' id='word_1_98' title='bbox 321 2328 420 2397; x_wconf 67' lang='lat' dir='ltr'>tum</span> <span class='ocrx_word' id='word_1_99' title='bbox 426 2332 547 2396; x_wconf 68' lang='lat' dir='ltr'>premia,</span> <span class='ocrx_word' id='word_1_100' title='bbox 560 2347 658 2401; x_wconf 86' lang='lat' dir='ltr'>nempe</span> <span class='ocrx_word' id='word_1_101' title='bbox 708 2328 741 2384; x_wconf 86' lang='lat' dir='ltr'>ad</span> <span class='ocrx_word' id='word_1_102' title='bbox 752 2330 873 2385; x_wconf 85' lang='lat' dir='ltr'>Hecaten</span> <span class='ocrx_word' id='word_1_103' title='bbox 889 2340 915 2384; x_wconf 88' lang='lat' dir='ltr'>et</span> <span class='ocrx_word' id='word_1_104' title='bbox 928 2328 1073 2384; x_wconf 79' lang='lat' dir='ltr'>Tellurem</span> <span class='ocrx_word' id='word_1_105' title='bbox 1087 2328 1143 2386; x_wconf 86' lang='lat' dir='ltr'>vll</span> <span class='ocrx_word' id='word_1_106' title='bbox 1156 2332 1226 2388; x_wconf 85' lang='lat' dir='ltr'>Me-</span> 
     </span>
     <span class='ocr_line' id='line_1_17' title="bbox 142 2404 1227 2484; baseline 0.007 -24"><span class='ocrx_word' id='word_1_107' title='bbox 142 2404 213 2477; x_wconf 83' lang='lat' dir='ltr'>quod</span> <span class='ocrx_word' id='word_1_108' title='bbox 225 2405 310 2475; x_wconf 81' lang='lat' dir='ltr'>alupa</span> <span class='ocrx_word' id='word_1_109' title='bbox 321 2406 378 2460; x_wconf 87' lang='lat' dir='ltr'>loeo</span> <span class='ocrx_word' id='word_1_110' title='bbox 389 2424 490 2460; x_wconf 89' lang='lat' dir='ltr'>nomeu</span> <span class='ocrx_word' id='word_1_111' title='bbox 501 2406 626 2461; x_wconf 90' lang='lat' dir='ltr'>inditum.</span> <span class='ocrx_word' id='word_1_112' title='bbox 708 2418 772 2463; x_wconf 82' lang='lat' dir='ltr'>tam.</span> <span class='ocrx_word' id='word_1_113' title='bbox 787 2410 850 2480; x_wconf 68' lang='lat'>194,</span> <span class='ocrx_word' id='word_1_114' title='bbox 864 2408 963 2462; x_wconf 86' lang='lat' dir='ltr'>Medea</span> <span class='ocrx_word' id='word_1_115' title='bbox 976 2429 983 2463; x_wconf 91' lang='lat'>:</span> <span class='ocrx_word' id='word_1_116' title='bbox 996 2431 1011 2456; x_wconf 73' lang='lat' dir='ltr'>o</span> <span class='ocrx_word' id='word_1_117' title='bbox 1023 2408 1120 2479; x_wconf 82' lang='lat' dir='ltr'>Tuque</span> <span class='ocrx_word' id='word_1_118' title='bbox 1131 2412 1227 2484; x_wconf 78' lang='lat' dir='ltr'>triceps</span> 
     </span>
     <span class='ocr_line' id='line_1_18' title="bbox 174 2483 1226 2560; baseline 0.007 -23"><span class='ocrx_word' id='word_1_119' title='bbox 174 2483 587 2555; x_wconf 71' lang='lat' dir='ltr'>423.Aliacausa,eaquercrior.</span> <span class='ocrx_word' id='word_1_120' title='bbox 596 2484 660 2540; x_wconf 88' lang='lat' dir='ltr'>Vid.</span> <span class='ocrx_word' id='word_1_121' title='bbox 710 2508 725 2535; x_wconf 76' lang='lat' dir='ltr'>s</span> <span class='ocrx_word' id='word_1_122' title='bbox 737 2487 850 2554; x_wconf 83' lang='lat' dir='ltr'>Hecate,</span> <span class='ocrx_word' id='word_1_123' title='bbox 857 2496 1095 2557; x_wconf 73' lang='lat' dir='ltr'>que...cautusque</span> <span class='ocrx_word' id='word_1_124' title='bbox 1105 2500 1226 2560; x_wconf 86' lang='lat' dir='ltr'>artesque</span> 
     </span>
     <span class='ocr_line' id='line_1_19' title="bbox 144 2561 1229 2638; baseline 0.006 -23"><span class='ocrx_word' id='word_1_125' title='bbox 144 2561 176 2615; x_wconf 82' lang='lat' dir='ltr'>sd</span> <span class='ocrx_word' id='word_1_126' title='bbox 185 2580 252 2615; x_wconf 84' lang='lat' dir='ltr'>vers.</span> <span class='ocrx_word' id='word_1_127' title='bbox 259 2561 597 2631; x_wconf 67' lang='lat' dir='ltr'>381.Sensus:Quidretat</span> <span class='ocrx_word' id='word_1_128' title='bbox 603 2582 660 2618; x_wconf 89' lang='lat' dir='ltr'>cre·</span> <span class='ocrx_word' id='word_1_129' title='bbox 710 2586 725 2613; x_wconf 78' lang='lat' dir='ltr'>s</span> <span class='ocrx_word' id='word_1_130' title='bbox 738 2583 891 2635; x_wconf 74' lang='lat' dir='ltr'>margatum,</span> <span class='ocrx_word' id='word_1_131' title='bbox 906 2565 1029 2635; x_wconf 77' lang='lat' dir='ltr'>Quasque</span> <span class='ocrx_word' id='word_1_132' title='bbox 1043 2585 1148 2638; x_wconf 74' lang='lat' dir='ltr'>magas,</span> <span class='ocrx_word' id='word_1_133' title='bbox 1161 2568 1229 2622; x_wconf 86' lang='lat' dir='ltr'>Tel·</span> 
     </span>
     <span class='ocr_line' id='line_1_20' title="bbox 144 2640 1227 2715; baseline 0.007 -20"><span class='ocrx_word' id='word_1_134' title='bbox 144 2640 227 2709; x_wconf 90' lang='lat' dir='ltr'>dcre‚</span> <span class='ocrx_word' id='word_1_135' title='bbox 248 2640 382 2711; x_wconf 84' lang='lat' dir='ltr'>Lupercos</span> <span class='ocrx_word' id='word_1_136' title='bbox 398 2659 499 2695; x_wconf 86' lang='lat' dir='ltr'>nomen</span> <span class='ocrx_word' id='word_1_137' title='bbox 515 2662 530 2696; x_wconf 88' lang='lat' dir='ltr'>a</span> <span class='ocrx_word' id='word_1_138' title='bbox 549 2642 659 2715; x_wconf 77' lang='lat' dir='ltr'>Lyceo,</span> <span class='ocrx_word' id='word_1_139' title='bbox 711 2664 726 2691; x_wconf 70' lang='lat' dir='ltr'>s</span> <span class='ocrx_word' id='word_1_140' title='bbox 736 2644 793 2709; x_wconf 85' lang='lat' dir='ltr'>lus,</span> <span class='ocrx_word' id='word_1_141' title='bbox 806 2644 967 2714; x_wconf 87' lang='lat' dir='ltr'>pollentibus</span> <span class='ocrx_word' id='word_1_142' title='bbox 981 2646 1090 2701; x_wconf 81' lang='lat' dir='ltr'>instruis</span> <span class='ocrx_word' id='word_1_143' title='bbox 1104 2647 1201 2702; x_wconf 83' lang='lat' dir='ltr'>herhis.</span> <span class='ocrx_word' id='word_1_144' title='bbox 1211 2668 1227 2695; x_wconf 68' lang='grc' dir='ltr'><strong>ι</strong></span> 
     </span>
     <span class='ocr_line' id='line_1_21' title="bbox 145 2716 1230 2797; baseline 0.006 -24"><span class='ocrx_word' id='word_1_145' title='bbox 145 2730 239 2773; x_wconf 84' lang='lat' dir='ltr'>monte</span> <span class='ocrx_word' id='word_1_146' title='bbox 253 2716 390 2786; x_wconf 76' lang='lat' dir='ltr'>Arcadius,</span> <span class='ocrx_word' id='word_1_147' title='bbox 404 2719 531 2789; x_wconf 88' lang='lat' dir='ltr'>accepisse</span> <span class='ocrx_word' id='word_1_148' title='bbox 540 2720 553 2773; x_wconf 80' lang='lat' dir='ltr'>i</span> <span class='ocrx_word' id='word_1_149' title='bbox 562 2718 596 2761; x_wconf 66' lang='grc'>-’</span> <span class='ocrx_word' id='word_1_150' title='bbox 606 2722 662 2793; x_wconf 72' lang='lat' dir='ltr'>by·</span> <span class='ocrx_word' id='word_1_151' title='bbox 711 2723 751 2777; x_wconf 92' lang='lat' dir='ltr'>lv</span> <span class='ocrx_word' id='word_1_152' title='bbox 765 2724 877 2778; x_wconf 89' lang='lat' dir='ltr'>Metam.</span> <span class='ocrx_word' id='word_1_153' title='bbox 888 2727 936 2797; x_wconf 75' lang='lat'>49,</span> <span class='ocrx_word' id='word_1_154' title='bbox 945 2725 1009 2779; x_wconf 82' lang='lat' dir='ltr'>Nais</span> <span class='ocrx_word' id='word_1_155' title='bbox 1020 2735 1098 2779; x_wconf 78' lang='lat' dir='ltr'>caete</span> <span class='ocrx_word' id='word_1_156' title='bbox 1108 2731 1230 2780; x_wconf 76' lang='lat' dir='ltr'>nimium-</span> 
     </span>
     <span class='ocr_line' id='line_1_22' title="bbox 109 2798 1230 2873; baseline 0.005 -19"><span class='ocrx_word' id='word_1_157' title='bbox 109 2817 114 2825; x_wconf 89' lang='lat'><em>·</em></span> <span class='ocrx_word' id='word_1_158' title='bbox 144 2820 226 2865; x_wconf 75' lang='lat' dir='ltr'>cers,</span> <span class='ocrx_word' id='word_1_159' title='bbox 244 2800 265 2853; x_wconf 87' lang='lat' dir='ltr'>si</span> <span class='ocrx_word' id='word_1_160' title='bbox 282 2799 362 2853; x_wconf 84' lang='lat' dir='ltr'>latine</span> <span class='ocrx_word' id='word_1_161' title='bbox 375 2798 486 2866; x_wconf 75' lang='lat' dir='ltr'>rdddas,</span> <span class='ocrx_word' id='word_1_162' title='bbox 506 2812 546 2855; x_wconf 87' lang='lat' dir='ltr'>est</span> <span class='ocrx_word' id='word_1_163' title='bbox 558 2800 663 2871; x_wconf 90' lang='lat' dir='ltr'>Luper-</span> <span class='ocrx_word' id='word_1_164' title='bbox 709 2808 911 2873; x_wconf 73' lang='lat' dir='ltr'>prepotentibus</span> <span class='ocrx_word' id='word_1_165' title='bbox 921 2808 1007 2858; x_wconf 79' lang='lat' dir='ltr'>herbis</span> <span class='ocrx_word' id='word_1_166' title='bbox 1020 2805 1131 2873; x_wconf 82' lang='lat' dir='ltr'>juvenes</span> <span class='ocrx_word' id='word_1_167' title='bbox 1143 2816 1230 2860; x_wconf 87' lang='lat' dir='ltr'>mutat</span> 
     </span>
     <span class='ocr_line' id='line_1_23' title="bbox 144 2876 1228 2956; baseline 0.006 -23"><span class='ocrx_word' id='word_1_168' title='bbox 144 2896 205 2945; x_wconf 85' lang='lat' dir='ltr'>cus,</span> <span class='ocrx_word' id='word_1_169' title='bbox 216 2880 312 2949; x_wconf 67' lang='lat' dir='ltr'>lycea</span> <span class='ocrx_word' id='word_1_170' title='bbox 322 2888 385 2932; x_wconf 88' lang='lat' dir='ltr'>sunt</span> <span class='ocrx_word' id='word_1_171' title='bbox 395 2876 556 2949; x_wconf 84' lang='lat' dir='ltr'>Lupercalia.</span> <span class='ocrx_word' id='word_1_172' title='bbox 568 2876 663 2948; x_wconf 77' lang='lat' dir='ltr'>Virgil.</span> <span class='ocrx_word' id='word_1_173' title='bbox 710 2880 739 2935; x_wconf 91' lang='lat' dir='ltr'>iu</span> <span class='ocrx_word' id='word_1_174' title='bbox 752 2882 842 2951; x_wconf 84' lang='lat' dir='ltr'>pisces.</span> <span class='ocrx_word' id='word_1_175' title='bbox 852 2881 923 2936; x_wconf 87' lang='lat' dir='ltr'>Vide</span> <span class='ocrx_word' id='word_1_176' title='bbox 934 2892 962 2936; x_wconf 90' lang='lat' dir='ltr'>et</span> <span class='ocrx_word' id='word_1_177' title='bbox 972 2892 1029 2936; x_wconf 90' lang='lat' dir='ltr'>not.</span> <span class='ocrx_word' id='word_1_178' title='bbox 1038 2882 1071 2937; x_wconf 91' lang='lat' dir='ltr'>ad</span> <span class='ocrx_word' id='word_1_179' title='bbox 1080 2884 1106 2937; x_wconf 87' lang='lat' dir='ltr'>X</span> <span class='ocrx_word' id='word_1_180' title='bbox 1115 2924 1125 2951; x_wconf 79' lang='grc'><em>,</em></span> <span class='ocrx_word' id='word_1_181' title='bbox 1136 2886 1228 2956; x_wconf 77' lang='lat'>397.-</span> 
     </span>
     <span class='ocr_line' id='line_1_24' title="bbox 145 2956 1229 3034; baseline 0.006 -23"><span class='ocrx_word' id='word_1_182' title='bbox 145 2958 212 3011; x_wconf 77' lang='lat' dir='ltr'>AEn.</span> <span class='ocrx_word' id='word_1_183' title='bbox 225 2956 315 3026; x_wconf 82' lang='lat' dir='ltr'>v111,</span> <span class='ocrx_word' id='word_1_184' title='bbox 327 2958 394 3025; x_wconf 79' lang='lat'>343,</span> <span class='ocrx_word' id='word_1_185' title='bbox 407 2979 421 3005; x_wconf 75' lang='grc' dir='ltr'><strong><em>α</em></strong></span> <span class='ocrx_word' id='word_1_186' title='bbox 434 2957 519 3027; x_wconf 75' lang='lat' dir='ltr'>gelida</span> <span class='ocrx_word' id='word_1_187' title='bbox 531 2968 664 3012; x_wconf 86' lang='lat' dir='ltr'>monstrat</span> <span class='ocrx_word' id='word_1_188' title='bbox 711 2962 775 3013; x_wconf 79' lang='lat' dir='ltr'>Jaar</span> <span class='ocrx_word' id='word_1_189' title='bbox 786 2978 860 3014; x_wconf 84' lang='lat' dir='ltr'>socer</span> <span class='ocrx_word' id='word_1_190' title='bbox 868 2971 917 3015; x_wconf 79' lang='lat' dir='ltr'>etc.</span> <span class='ocrx_word' id='word_1_191' title='bbox 929 2961 986 3031; x_wconf 81' lang='lat' dir='ltr'>jam</span> <span class='ocrx_word' id='word_1_192' title='bbox 996 2962 1128 3032; x_wconf 84' lang='lat' dir='ltr'>concipies</span> <span class='ocrx_word' id='word_1_193' title='bbox 1138 2974 1166 3016; x_wconf 91' lang='lat' dir='ltr'>et</span> <span class='ocrx_word' id='word_1_194' title='bbox 1175 2982 1229 3034; x_wconf 92' lang='lat' dir='ltr'>pa-</span> 
     </span>
     <span class='ocr_line' id='line_1_25' title="bbox 146 3035 1228 3111; baseline 0.009 -27"><span class='ocrx_word' id='word_1_195' title='bbox 146 3056 163 3084; x_wconf 72' lang='lat'><strong>»</strong></span> <span class='ocrx_word' id='word_1_196' title='bbox 174 3037 224 3091; x_wconf 84' lang='lat' dir='ltr'>suh</span> <span class='ocrx_word' id='word_1_197' title='bbox 231 3055 298 3106; x_wconf 88' lang='lat' dir='ltr'>rupe</span> <span class='ocrx_word' id='word_1_198' title='bbox 305 3035 433 3106; x_wconf 88' lang='lat' dir='ltr'>Lupercal</span> <span class='ocrx_word' id='word_1_199' title='bbox 442 3075 450 3103; x_wconf 83' lang='grc'><strong>,</strong></span> <span class='ocrx_word' id='word_1_200' title='bbox 459 3035 599 3091; x_wconf 84' lang='lat' dir='ltr'>Parrhasio</span> <span class='ocrx_word' id='word_1_201' title='bbox 606 3035 665 3090; x_wconf 90' lang='lat' dir='ltr'>dic·</span> <span class='ocrx_word' id='word_1_202' title='bbox 712 3040 772 3106; x_wconf 80' lang='lat' dir='ltr'>ries.</span> <span class='ocrx_word' id='word_1_203' title='bbox 781 3036 862 3092; x_wconf 66' lang='lat' dir='ltr'>Confi</span> <span class='ocrx_word' id='word_1_204' title='bbox 872 3058 937 3092; x_wconf 82' lang='lat' dir='ltr'>vers.</span> <span class='ocrx_word' id='word_1_205' title='bbox 948 3039 1142 3108; x_wconf 57' lang='lat' dir='ltr'>Md-Oplatr‘,</span> <span class='ocrx_word' id='word_1_206' title='bbox 1155 3041 1228 3111; x_wconf 87' lang='lat' dir='ltr'>quod</span> 
     </span>
     <span class='ocr_line' id='line_1_26' title="bbox 148 3114 1231 3188; baseline 0.001 -17"><span class='ocrx_word' id='word_1_207' title='bbox 148 3138 163 3164; x_wconf 76' lang='lat'>²·</span> <span class='ocrx_word' id='word_1_208' title='bbox 175 3128 237 3171; x_wconf 84' lang='lat' dir='ltr'>turn</span> <span class='ocrx_word' id='word_1_209' title='bbox 247 3117 336 3171; x_wconf 84' lang='lat' dir='ltr'>Panos</span> <span class='ocrx_word' id='word_1_210' title='bbox 344 3114 378 3169; x_wconf 89' lang='lat' dir='ltr'>de</span> <span class='ocrx_word' id='word_1_211' title='bbox 384 3135 459 3171; x_wconf 88' lang='lat' dir='ltr'>more</span> <span class='ocrx_word' id='word_1_212' title='bbox 465 3116 559 3188; x_wconf 79' lang='lat' dir='ltr'>Lycaei.</span> <span class='ocrx_word' id='word_1_213' title='bbox 567 3140 581 3166; x_wconf 73' lang='lat' dir='ltr'>s</span> <span class='ocrx_word' id='word_1_214' title='bbox 591 3116 663 3173; x_wconf 87' lang='lat' dir='ltr'>Con·</span> <span class='ocrx_word' id='word_1_215' title='bbox 713 3115 841 3169; x_wconf 84' lang='lat' dir='ltr'>Heinsius</span> <span class='ocrx_word' id='word_1_216' title='bbox 854 3133 887 3168; x_wconf 85' lang='lat' dir='ltr'>ex</span> <span class='ocrx_word' id='word_1_217' title='bbox 898 3114 1003 3177; x_wconf 68' lang='lat' dir='ltr'>Macar.</span> <span class='ocrx_word' id='word_1_218' title='bbox 1014 3116 1130 3187; x_wconf 85' lang='lat' dir='ltr'>recepit,</span> <span class='ocrx_word' id='word_1_219' title='bbox 1146 3117 1231 3187; x_wconf 73' lang='lat' dir='ltr'>magis</span> 
     </span>
     <span class='ocr_line' id='line_1_27' title="bbox 145 3193 1229 3264; baseline 0.001 -17"><span class='ocrx_word' id='word_1_220' title='bbox 145 3194 189 3249; x_wconf 81' lang='lat' dir='ltr'>ier</span> <span class='ocrx_word' id='word_1_221' title='bbox 196 3195 297 3249; x_wconf 82' lang='lat' dir='ltr'>Justiu.</span> <span class='ocrx_word' id='word_1_222' title='bbox 308 3193 419 3262; x_wconf 85' lang='lat' dir='ltr'>XLlll,</span> <span class='ocrx_word' id='word_1_223' title='bbox 432 3211 461 3263; x_wconf 81' lang='grc' dir='ltr'>ι,</span> <span class='ocrx_word' id='word_1_224' title='bbox 472 3216 495 3264; x_wconf 84' lang='lat'>7.</span> <span class='ocrx_word' id='word_1_225' title='bbox 508 3196 580 3251; x_wconf 82' lang='lat' dir='ltr'>Male</span> <span class='ocrx_word' id='word_1_226' title='bbox 593 3197 665 3250; x_wconf 89' lang='lat' dir='ltr'>Bur·</span> <span class='ocrx_word' id='word_1_227' title='bbox 713 3193 864 3264; x_wconf 82' lang='lat' dir='ltr'>poeticum,</span> <span class='ocrx_word' id='word_1_228' title='bbox 882 3211 965 3263; x_wconf 80' lang='lat' dir='ltr'>quam</span> <span class='ocrx_word' id='word_1_229' title='bbox 983 3193 1090 3264; x_wconf 73' lang='lat' dir='ltr'>strigare</span> <span class='ocrx_word' id='word_1_230' title='bbox 1108 3204 1229 3264; x_wconf 68' lang='lat' dir='ltr'>optatum.</span> 
     </span>
     <span class='ocr_line' id='line_1_28' title="bbox 147 3270 1269 3346; baseline -0.001 -18"><span class='ocrx_word' id='word_1_231' title='bbox 147 3292 266 3329; x_wconf 83' lang='lat' dir='ltr'>mannus</span> <span class='ocrx_word' id='word_1_232' title='bbox 281 3273 366 3328; x_wconf 86' lang='lat' dir='ltr'>hicet</span> <span class='ocrx_word' id='word_1_233' title='bbox 383 3274 443 3329; x_wconf 83' lang='lat' dir='ltr'>alibi</span> <span class='ocrx_word' id='word_1_234' title='bbox 459 3273 543 3328; x_wconf 85' lang='lat' dir='ltr'>edidit</span> <span class='ocrx_word' id='word_1_235' title='bbox 558 3277 665 3345; x_wconf 75' lang='lat' dir='ltr'>Lyceus.</span> <span class='ocrx_word' id='word_1_236' title='bbox 715 3270 855 3325; x_wconf 85' lang='lat' dir='ltr'>Simillima</span> <span class='ocrx_word' id='word_1_237' title='bbox 866 3270 1229 3346; x_wconf 73' lang='lat' dir='ltr'>varietasvers.4aoct497,</span> <span class='ocrx_word' id='word_1_238' title='bbox 1266 3296 1269 3300; x_wconf 94' lang='lat'><em>·</em></span> 
     </span>
     <span class='ocr_line' id='line_1_29' title="bbox 147 3350 904 3428; baseline -0.003 -21"><span class='ocrx_word' id='word_1_239' title='bbox 147 3352 200 3407; x_wconf 82' lang='lat' dir='ltr'>Est</span> <span class='ocrx_word' id='word_1_240' title='bbox 211 3371 287 3422; x_wconf 73' lang='lat' dir='ltr'>grec„</span> <span class='ocrx_word' id='word_1_241' title='bbox 299 3356 405 3415; x_wconf 62' lang='lat' dir='ltr'>Adaeus.</span> <span class='ocrx_word' id='word_1_242' title='bbox 414 3350 459 3406; x_wconf 88' lang='lat' dir='ltr'>Sic</span> <span class='ocrx_word' id='word_1_243' title='bbox 470 3362 497 3405; x_wconf 93' lang='lat' dir='ltr'>et</span> <span class='ocrx_word' id='word_1_244' title='bbox 509 3355 557 3428; x_wconf 67' lang='lat' dir='ltr'>ipse</span> <span class='ocrx_word' id='word_1_245' title='bbox 567 3358 665 3409; x_wconf 70' lang='lat' dir='ltr'>tineus.</span> <span class='ocrx_word' id='word_1_246' title='bbox 716 3350 762 3403; x_wconf 87' lang='lat' dir='ltr'>ubi</span> <span class='ocrx_word' id='word_1_247' title='bbox 774 3350 833 3413; x_wconf 85' lang='lat' dir='ltr'>vide</span> <span class='ocrx_word' id='word_1_248' title='bbox 848 3362 904 3405; x_wconf 88' lang='lat' dir='ltr'>not.</span> 
     </span>
     <span class='ocr_line' id='line_1_30' title="bbox 149 3428 1233 3501; baseline 0.001 -16"><span class='ocrx_word' id='word_1_249' title='bbox 149 3430 420 3487; x_wconf 81' lang='lat' dir='ltr'>-Heiusiussuadct</span> <span class='ocrx_word' id='word_1_250' title='bbox 429 3450 478 3500; x_wconf 91' lang='lat' dir='ltr'>pro</span> <span class='ocrx_word' id='word_1_251' title='bbox 485 3433 568 3485; x_wconf 63' lang='lat' dir='ltr'>laetos</span> <span class='ocrx_word' id='word_1_252' title='bbox 578 3431 666 3501; x_wconf 71' lang='lat' dir='ltr'>legere</span> <span class='ocrx_word' id='word_1_253' title='bbox 753 3432 811 3501; x_wconf 73' lang='lat'>4²9·</span> <span class='ocrx_word' id='word_1_254' title='bbox 829 3428 879 3483; x_wconf 89' lang='lat' dir='ltr'>illo</span> <span class='ocrx_word' id='word_1_255' title='bbox 899 3439 1019 3501; x_wconf 87' lang='lat' dir='ltr'>tempore</span> <span class='ocrx_word' id='word_1_256' title='bbox 1041 3440 1098 3484; x_wconf 70' lang='lat' dir='ltr'>usn</span> <span class='ocrx_word' id='word_1_257' title='bbox 1115 3431 1233 3501; x_wconf 67' lang='lat' dir='ltr'>maligna</span> 
     </span>
     <span class='ocr_line' id='line_1_31' title="bbox 149 3508 1234 3580; baseline -0.003 -15"><span class='ocrx_word' id='word_1_258' title='bbox 149 3514 256 3574; x_wconf 70' lang='lat' dir='ltr'>dulos,</span> <span class='ocrx_word' id='word_1_259' title='bbox 266 3508 293 3563; x_wconf 92' lang='lat' dir='ltr'>h.</span> <span class='ocrx_word' id='word_1_260' title='bbox 300 3528 376 3565; x_wconf 73' lang='lat' dir='ltr'>eeos</span> <span class='ocrx_word' id='word_1_261' title='bbox 382 3510 514 3580; x_wconf 74' lang='lat' dir='ltr'>originem</span> <span class='ocrx_word' id='word_1_262' title='bbox 522 3508 627 3563; x_wconf 86' lang='lat' dir='ltr'>trahere</span> <span class='ocrx_word' id='word_1_263' title='bbox 635 3528 667 3563; x_wconf 81' lang='lat' dir='ltr'>ex</span> <span class='ocrx_word' id='word_1_264' title='bbox 714 3518 772 3561; x_wconf 91' lang='lat' dir='ltr'>erat</span> <span class='ocrx_word' id='word_1_265' title='bbox 782 3518 929 3578; x_wconf 80' lang='lat' dir='ltr'>nuptarum</span> <span class='ocrx_word' id='word_1_266' title='bbox 937 3519 1046 3575; x_wconf 87' lang='lat' dir='ltr'>natura,</span> <span class='ocrx_word' id='word_1_267' title='bbox 1055 3520 1086 3562; x_wconf 93' lang='lat' dir='ltr'>ut</span> <span class='ocrx_word' id='word_1_268' title='bbox 1094 3528 1156 3562; x_wconf 83' lang='lat' dir='ltr'>raro</span> <span class='ocrx_word' id='word_1_269' title='bbox 1165 3509 1234 3563; x_wconf 83' lang='lat' dir='ltr'>libe-</span> 
     </span>
     <span class='ocr_line' id='line_1_32' title="bbox 150 3584 1231 3657; baseline -0.001 -14"><span class='ocrx_word' id='word_1_270' title='bbox 150 3588 274 3643; x_wconf 76' lang='lat' dir='ltr'>Aroedia</span> <span class='ocrx_word' id='word_1_271' title='bbox 283 3589 322 3643; x_wconf 79' lang='lat' dir='ltr'>At</span> <span class='ocrx_word' id='word_1_272' title='bbox 328 3606 401 3642; x_wconf 86' lang='lat' dir='ltr'>nuuc</span> <span class='ocrx_word' id='word_1_273' title='bbox 408 3606 497 3642; x_wconf 83' lang='lat' dir='ltr'>sermo</span> <span class='ocrx_word' id='word_1_274' title='bbox 504 3597 543 3641; x_wconf 87' lang='lat' dir='ltr'>est</span> <span class='ocrx_word' id='word_1_275' title='bbox 549 3584 582 3639; x_wconf 89' lang='lat' dir='ltr'>de</span> <span class='ocrx_word' id='word_1_276' title='bbox 590 3604 668 3641; x_wconf 88' lang='lat' dir='ltr'>causa</span> <span class='ocrx_word' id='word_1_277' title='bbox 714 3604 758 3639; x_wconf 90' lang='lat' dir='ltr'>ros</span> <span class='ocrx_word' id='word_1_278' title='bbox 775 3586 951 3641; x_wconf 87' lang='lat' dir='ltr'>eniterentur.</span> <span class='ocrx_word' id='word_1_279' title='bbox 962 3587 1124 3641; x_wconf 87' lang='lat' dir='ltr'>Sabinarum</span> <span class='ocrx_word' id='word_1_280' title='bbox 1139 3599 1231 3657; x_wconf 85' lang='lat' dir='ltr'>raptus</span> 
     </span>
     <span class='ocr_line' id='line_1_33' title="bbox 150 3664 1231 3736; baseline -0.003 -14"><span class='ocrx_word' id='word_1_281' title='bbox 150 3668 278 3723; x_wconf 83' lang='lat' dir='ltr'>nominis.</span> <span class='ocrx_word' id='word_1_282' title='bbox 289 3694 323 3708; x_wconf 91' lang='lat'><em>-</em></span> <span class='ocrx_word' id='word_1_283' title='bbox 335 3667 377 3721; x_wconf 90' lang='lat' dir='ltr'>Dc</span> <span class='ocrx_word' id='word_1_284' title='bbox 389 3671 489 3736; x_wconf 67' lang='lat' dir='ltr'>templu</span> <span class='ocrx_word' id='word_1_285' title='bbox 500 3666 549 3719; x_wconf 86' lang='lat' dir='ltr'>illis</span> <span class='ocrx_word' id='word_1_286' title='bbox 560 3665 619 3720; x_wconf 82' lang='lat' dir='ltr'>ride</span> <span class='ocrx_word' id='word_1_287' title='bbox 634 3664 667 3721; x_wconf 88' lang='lat' dir='ltr'>ad</span> <span class='ocrx_word' id='word_1_288' title='bbox 714 3682 782 3734; x_wconf 61' lang='lat' dir='ltr'>sape</span> <span class='ocrx_word' id='word_1_289' title='bbox 792 3665 894 3732; x_wconf 64' lang='lat' dir='ltr'>infinie</span> <span class='ocrx_word' id='word_1_290' title='bbox 911 3666 1022 3719; x_wconf 86' lang='lat' dir='ltr'>nomine</span> <span class='ocrx_word' id='word_1_291' title='bbox 1035 3676 1154 3719; x_wconf 89' lang='lat' dir='ltr'>notatur.</span> <span class='ocrx_word' id='word_1_292' title='bbox 1173 3665 1231 3719; x_wconf 75' lang='lat' dir='ltr'>Lis.</span> 
     </span>
     <span class='ocr_line' id='line_1_34' title="bbox 152 3742 1230 3817; baseline -0.004 -15"><span class='ocrx_word' id='word_1_293' title='bbox 152 3766 261 3803; x_wconf 81' lang='lat' dir='ltr'>versum</span> <span class='ocrx_word' id='word_1_294' title='bbox 275 3768 332 3817; x_wconf 75' lang='lat' dir='ltr'>apr.</span> <span class='ocrx_word' id='word_1_295' title='bbox 715 3745 744 3811; x_wconf 87' lang='lat' dir='ltr'>l,</span> <span class='ocrx_word' id='word_1_296' title='bbox 758 3744 788 3797; x_wconf 76' lang='lat'>13</span> <span class='ocrx_word' id='word_1_297' title='bbox 802 3744 949 3800; x_wconf 80' lang='lat' dir='ltr'>:«Sat›ine</span> <span class='ocrx_word' id='word_1_298' title='bbox 960 3742 1101 3810; x_wconf 85' lang='lat' dir='ltr'>mulieres,</span> <span class='ocrx_word' id='word_1_299' title='bbox 1114 3763 1230 3814; x_wconf 87' lang='lat' dir='ltr'>quarum</span> 
     </span>
     <span class='ocr_line' id='line_1_35' title="bbox 186 3824 1232 3896; baseline -0.001 -15"><span class='ocrx_word' id='word_1_300' title='bbox 186 3829 244 3895; x_wconf 70' lang='lat'>42⁵.</span> <span class='ocrx_word' id='word_1_301' title='bbox 257 3826 337 3882; x_wconf 84' lang='lat' dir='ltr'>Ritus</span> <span class='ocrx_word' id='word_1_302' title='bbox 348 3825 486 3896; x_wconf 78' lang='lat' dir='ltr'>cuiusdam</span> <span class='ocrx_word' id='word_1_303' title='bbox 498 3826 530 3879; x_wconf 85' lang='lat' dir='ltr'>ab</span> <span class='ocrx_word' id='word_1_304' title='bbox 542 3824 668 3881; x_wconf 82' lang='lat' dir='ltr'>Evandro</span> <span class='ocrx_word' id='word_1_305' title='bbox 718 3846 732 3873; x_wconf 78' lang='lat' dir='ltr'>s</span> <span class='ocrx_word' id='word_1_306' title='bbox 741 3846 774 3879; x_wconf 79' lang='lat' dir='ltr'>es</span> <span class='ocrx_word' id='word_1_307' title='bbox 783 3825 989 3895; x_wconf 76' lang='lat' dir='ltr'>injuriahellum</span> <span class='ocrx_word' id='word_1_308' title='bbox 999 3836 1099 3878; x_wconf 87' lang='lat' dir='ltr'>ortum.</span> <span class='ocrx_word' id='word_1_309' title='bbox 1109 3846 1122 3871; x_wconf 88' lang='lat'>»</span> <span class='ocrx_word' id='word_1_310' title='bbox 1132 3852 1166 3865; x_wconf 92' lang='lat'><em>-</em></span> <span class='ocrx_word' id='word_1_311' title='bbox 1178 3828 1232 3880; x_wconf 53' lang='lat' dir='ltr'>Via</span> 
     </span>
     <span class='ocr_line' id='line_1_36' title="bbox 152 3902 1230 3976; baseline -0.004 -15"><span class='ocrx_word' id='word_1_312' title='bbox 152 3924 211 3961; x_wconf 86' lang='lat' dir='ltr'>uon</span> <span class='ocrx_word' id='word_1_313' title='bbox 228 3904 330 3961; x_wconf 89' lang='lat' dir='ltr'>inducti</span> <span class='ocrx_word' id='word_1_314' title='bbox 346 3904 429 3976; x_wconf 75' lang='lat' dir='ltr'>origo.</span> <span class='ocrx_word' id='word_1_315' title='bbox 443 3904 557 3975; x_wconf 86' lang='lat' dir='ltr'>Luperci</span> <span class='ocrx_word' id='word_1_316' title='bbox 573 3922 671 3974; x_wconf 84' lang='lat' dir='ltr'>nempe</span> <span class='ocrx_word' id='word_1_317' title='bbox 718 3923 773 3968; x_wconf 83' lang='lat' dir='ltr'>res,</span> <span class='ocrx_word' id='word_1_318' title='bbox 787 3902 989 3957; x_wconf 86' lang='lat' dir='ltr'>multitudinem</span> <span class='ocrx_word' id='word_1_319' title='bbox 997 3902 1230 3966; x_wconf 78' lang='lat' dir='ltr'>cisium-Num,</span> 
     </span>
     <span class='ocr_line' id='line_1_37' title="bbox 152 3978 1235 4054; baseline -0.005 -14"><span class='ocrx_word' id='word_1_320' title='bbox 152 3996 301 4052; x_wconf 81' lang='lat' dir='ltr'>currentes,</span> <span class='ocrx_word' id='word_1_321' title='bbox 309 3984 588 4054; x_wconf 83' lang='lat' dir='ltr'>pellihsrsrictimarum</span> <span class='ocrx_word' id='word_1_322' title='bbox 596 3983 672 4037; x_wconf 86' lang='lat' dir='ltr'>sectis</span> <span class='ocrx_word' id='word_1_323' title='bbox 721 3978 941 4036; x_wconf 73' lang='lat' dir='ltr'>mulieres-Sex</span> <span class='ocrx_word' id='word_1_324' title='bbox 952 3979 1027 4034; x_wconf 85' lang='lat' dir='ltr'>MSS</span> <span class='ocrx_word' id='word_1_325' title='bbox 1035 3990 1062 4033; x_wconf 90' lang='lat' dir='ltr'>et</span> <span class='ocrx_word' id='word_1_326' title='bbox 1069 4000 1109 4051; x_wconf 88' lang='lat' dir='ltr'>pr.</span> <span class='ocrx_word' id='word_1_327' title='bbox 1117 3981 1172 4036; x_wconf 74' lang='lat' dir='ltr'>Ed.</span> <span class='ocrx_word' id='word_1_328' title='bbox 1183 4000 1235 4035; x_wconf 76' lang='lat' dir='ltr'>roe</span> 
     </span>
     <span class='ocr_line' id='line_1_38' title="bbox 153 4058 1234 4130; baseline -0.002 -13"><span class='ocrx_word' id='word_1_329' title='bbox 153 4061 292 4117; x_wconf 70' lang='lat' dir='ltr'>cedebant</span> <span class='ocrx_word' id='word_1_330' title='bbox 304 4061 428 4115; x_wconf 87' lang='lat' dir='ltr'>mulieres</span> <span class='ocrx_word' id='word_1_331' title='bbox 441 4061 547 4127; x_wconf 81' lang='lat' dir='ltr'>obrias,</span> <span class='ocrx_word' id='word_1_332' title='bbox 561 4078 615 4130; x_wconf 89' lang='lat' dir='ltr'>quo</span> <span class='ocrx_word' id='word_1_333' title='bbox 625 4058 671 4115; x_wconf 81' lang='lat' dir='ltr'>la·</span> <span class='ocrx_word' id='word_1_334' title='bbox 719 4058 921 4128; x_wconf 64' lang='lat' dir='ltr'>rapuisseqmd</span> <span class='ocrx_word' id='word_1_335' title='bbox 929 4058 998 4113; x_wconf 87' lang='lat' dir='ltr'>Dan.</span> <span class='ocrx_word' id='word_1_336' title='bbox 1007 4060 1101 4114; x_wconf 70' lang='lat' dir='ltr'>Heius</span> <span class='ocrx_word' id='word_1_337' title='bbox 1108 4060 1234 4130; x_wconf 74' lang='lat' dir='ltr'>placebat.</span> 
     </span>
     <span class='ocr_line' id='line_1_39' title="bbox 154 4136 1232 4209; baseline -0.002 -16"><span class='ocrx_word' id='word_1_338' title='bbox 154 4138 229 4193; x_wconf 85' lang='lat' dir='ltr'>tilius</span> <span class='ocrx_word' id='word_1_339' title='bbox 245 4140 426 4209; x_wconf 72' lang='lat' dir='ltr'>consiperent.</span> <span class='ocrx_word' id='word_1_340' title='bbox 444 4136 523 4193; x_wconf 82' lang='lat' dir='ltr'>cont</span> <span class='ocrx_word' id='word_1_341' title='bbox 538 4136 671 4192; x_wconf 86' lang='lat' dir='ltr'>Plutarch.</span> <span class='ocrx_word' id='word_1_342' title='bbox 753 4138 812 4203; x_wconf 73' lang='lat'>435.</span> <span class='ocrx_word' id='word_1_343' title='bbox 828 4139 915 4190; x_wconf 75' lang='lat' dir='ltr'>Lucus</span> <span class='ocrx_word' id='word_1_344' title='bbox 925 4139 1038 4191; x_wconf 79' lang='lat' dir='ltr'>Juoone&#39;s</span> <span class='ocrx_word' id='word_1_345' title='bbox 1048 4138 1156 4193; x_wconf 68' lang='lat' dir='ltr'>Lucina</span> <span class='ocrx_word' id='word_1_346' title='bbox 1167 4156 1232 4191; x_wconf 86' lang='lat' dir='ltr'>rne-</span> 
     </span>
     <span class='ocr_line' id='line_1_40' title="bbox 154 4215 1237 4287; baseline -0.001 -19"><span class='ocrx_word' id='word_1_347' title='bbox 154 4216 212 4270; x_wconf 86' lang='lat' dir='ltr'>Vit.</span> <span class='ocrx_word' id='word_1_348' title='bbox 223 4217 304 4271; x_wconf 84' lang='lat' dir='ltr'>Rom.</span> <span class='ocrx_word' id='word_1_349' title='bbox 321 4236 362 4271; x_wconf 68' lang='grc' dir='ltr'>ιι.</span> <span class='ocrx_word' id='word_1_350' title='bbox 373 4244 407 4258; x_wconf 93' lang='lat'>-</span> <span class='ocrx_word' id='word_1_351' title='bbox 416 4216 501 4287; x_wconf 63' lang='lat' dir='ltr'>Mega</span> <span class='ocrx_word' id='word_1_352' title='bbox 514 4234 576 4271; x_wconf 86' lang='lat' dir='ltr'>oum</span> <span class='ocrx_word' id='word_1_353' title='bbox 589 4220 673 4271; x_wconf 72' lang='lat' dir='ltr'>tertis</span> <span class='ocrx_word' id='word_1_354' title='bbox 721 4226 842 4269; x_wconf 85' lang='lat' dir='ltr'>moratur</span> <span class='ocrx_word' id='word_1_355' title='bbox 853 4226 881 4269; x_wconf 91' lang='lat' dir='ltr'>et</span> <span class='ocrx_word' id='word_1_356' title='bbox 892 4235 908 4269; x_wconf 86' lang='lat' dir='ltr'>a</span> <span class='ocrx_word' id='word_1_357' title='bbox 918 4217 1041 4271; x_wconf 86' lang='lat' dir='ltr'>Varrone</span> <span class='ocrx_word' id='word_1_358' title='bbox 1050 4215 1083 4269; x_wconf 90' lang='lat' dir='ltr'>de</span> <span class='ocrx_word' id='word_1_359' title='bbox 1097 4217 1128 4269; x_wconf 75' lang='lat'>1.</span> <span class='ocrx_word' id='word_1_360' title='bbox 1139 4217 1169 4269; x_wconf 91' lang='lat' dir='ltr'>L.</span> <span class='ocrx_word' id='word_1_361' title='bbox 1181 4216 1207 4271; x_wconf 91' lang='lat' dir='ltr'>d.</span> <span class='ocrx_word' id='word_1_362' title='bbox 1218 4216 1237 4267; x_wconf 91' lang='lat' dir='ltr'>l.</span> 
     </span>
     <span class='ocr_line' id='line_1_41' title="bbox 155 4294 1238 4369; baseline -0.004 -18"><span class='ocrx_word' id='word_1_363' title='bbox 155 4296 356 4369; x_wconf 73' lang='lat' dir='ltr'>conjungebant</span> <span class='ocrx_word' id='word_1_364' title='bbox 366 4300 481 4351; x_wconf 69' lang='lat' dir='ltr'>carneae</span> <span class='ocrx_word' id='word_1_365' title='bbox 492 4305 570 4366; x_wconf 85' lang='lat' dir='ltr'>atque</span> <span class='ocrx_word' id='word_1_366' title='bbox 583 4313 673 4363; x_wconf 82' lang='lat' dir='ltr'>preces</span> <span class='ocrx_word' id='word_1_367' title='bbox 721 4294 918 4361; x_wconf 71' lang='lat' dir='ltr'>-Ircaedsm</span> <span class='ocrx_word' id='word_1_368' title='bbox 931 4296 1018 4369; x_wconf 82' lang='lat' dir='ltr'>sylvas</span> <span class='ocrx_word' id='word_1_369' title='bbox 1037 4314 1122 4350; x_wconf 72' lang='lat' dir='ltr'>sacru</span> <span class='ocrx_word' id='word_1_370' title='bbox 1142 4296 1238 4348; x_wconf 79' lang='lat' dir='ltr'>cedere</span> 
     </span>
    </p>
   </div>
   <div class='ocr_carea' id='block_1_6' title="bbox 0 0 1549 5009">
    <p class='ocr_par' dir='ltr' id='par_1_7' title="bbox 0 0 1549 5009">
     <span class='ocr_line' id='line_1_42' title="bbox 0 0 1549 5009; baseline 0 0"><span class='ocrx_word' id='word_1_371' title='bbox 0 0 1549 5009; x_wconf 95' lang='lat' dir='ltr'> </span> 
     </span>
    </p>
   </div>
  </div>
 </body>
</html>
