3025 5009
280 488 347 573 toa
674 484 956 554 excursus

280 627 509 728 Archetypum
522 626 625 726 hujus
637 627 765 728 operis,
780 624 937 728 pluribus
948 643 1039 702 certe
1050 651 1092 699 ex
1105 653 1161 714 eo,
1174 625 1268 726 quod
1278 627 1358 703 inde

280 751 456 853 descripsit
472 730 603 825 Volfiirs
617 751 658 824 V.
673 751 711 824 C.
727 750 764 824 in
778 751 960 837 Suetonio,
979 768 1062 824 tom.
1078 751 1149 838 ΙΙΙ,
1166 752 1258 839 noti,
1277 780 1358 854 pro·

279 878 344 951 diit
360 879 476 952 Rornae
496 901 588 977 1779
609 881 632 947 ¹.
652 874 699 948 Hi
715 873 795 950 fasti
813 875 966 949 a'verrio
982 873 1121 963 Flacco,
1141 873 1357 949 celeberrimo

279 999 338 1074 illo
357 999 596 1097 grammatico,
621 998 715 1098 eujus
735 997 862 1072 librum
883 999 924 1073 de
940 999 1119 1073 verborum
1142 995 1357 1094 significatio-

277 1125 380 1200 nibus
394 1127 514 1200 Festus
527 1123 563 1197 in
575 1123 815 1226 compendium
829 1123 975 1218 redegi-t,
992 1141 1027 1197 ct
1035 1123 1183 1218 Augusti
1195 1139 1357 1225 nepotum

277 1249 457 1345 magistro,
486 1246 661 1322 duodecim
685 1246 813 1321 tabulis
833 1247 1044 1336 marmoreis,
1070 1275 1212 1347 quarum
1226 1246 1360 1345 singula

277 1403 382 1448 unum
399 1399 545 1446 mensem
564 1370 888 1474 comprehendebat,
908 1371 1005 1444 incisi
1029 1388 1063 1444 et
1082 1370 1116 1444 in
1133 1369 1209 1444 soro
1226 1370 1359 1445 Praenc·

277 1495 367 1570 stino
385 1494 472 1594 (ubi
485 1523 577 1568 nunc
587 1493 802 1593 Palestr'ina)
820 1495 857 1566 in
874 1511 1058 1595 conspectu
1071 1493 1193 1567 domus
1203 1493 1360 1569 Caesareo

277 1623 314 1695 in
329 1617 513 1720 hemicyclo
527 1617 689 1721 expositi,
706 1617 774 1717 jam
788 1618 987 1692 aveteribus
996 1618 1193 1693 excitantur.
1208 1618 1303 1693 Suet
1319 1619 1360 1693 de

276 1741 399 1818 illustr.
419 1759 592 1839 grammat.
612 1768 686 1842 cap.
712 1767 773 1841 173
792 1741 999 1830 Macrob.1,
1023 1767 1083 1830 ro,
1100 1769 1178 1842 pag.
1202 1739 1270 1842 196
1287 1771 1296 1814 :
1316 1741 1357 1815 ci

278 1866 435 1941 Verrium
453 1863 545 1939 add.
565 1889 608 1937 21
624 1864 705 1939 Dec.
725 1865 880 1939 Macrob.
900 1867 933 1952 Ι,
949 1882 1021 1953 x11,
1039 1893 1116 1966 pag.
1135 1890 1226 1966 2093
1243 1865 1361 1939 confer

278 1989 433 2066 Verrium
448 1989 491 2064 ad
506 1989 539 2063 d.
563 2014 576 2060 1
597 1989 682 2089 Apr.
701 1989 764 2062 nbi
781 1989 888 2063 Macr.
910 1987 1013 2063 verba
1025 1989 1137 2062 Verrii
1157 1989 1269 2064 minus
1290 2019 1360 2092 pu-

278 2117 351 2190 dica
369 2114 434 2190 sibi
450 2114 520 2190 visa
535 2113 671 2203 reticet;
687 2131 721 2186 ot
739 2113 840 2187 ovid„
859 2113 897 2186 iu
912 2115 1001 2188 Fast
1019 2115 1090 2204 Vl,
1108 2113 1175 2189 62:

400 2257 518 2357 'inspice
532 2303 598 2357 qnos
609 2285 705 2340 habeat
717 2287 861 2341 nemoralis
875 2285 964 2342 Aricia
977 2285 1075 2355 fastos,

464 2377 500 2432 Et
514 2377 628 2448 populus
641 2376 779 2445 Laurens,
791 2378 1118 2449 lanuviumqueneum

416 2467 465 2522 Est
476 2468 528 2522 illic
540 2467 638 2522 mensio
650 2467 789 2522 Junonius
803 2488 810 2523 :
823 2469 922 2538 inspice
935 2470 1023 2524 Tibur

463 2558 500 2612 Et
513 2559 672 2631 Prouesh'ue
683 2563 778 2612 mania
786 2578 863 2613 sacra
873 2561 952 2623 Dee,

280 2699 322 2774 ad
339 2726 438 2800 quem
455 2695 568 2772 locum
586 2697 716 2814 egregie!
731 2697 917 2799 Neapolis,
942 2726 1110 2773 securum
1129 2698 1283 2802 opinioni
1301 2701 1363 2802 qui

279 2824 374 2898 fastis
392 2819 593 2923 Capitolinis
618 2820 763 2896 inventis
785 2821 940 2898 Suetonii
961 2821 1073 2898 locum
1098 2851 1139 2897 eo
1162 2824 1360 2914 trahebant,

280 2973 430 3046 unquam
454 2941 618 3018 calculum
644 2941 838 3018 additurum
859 2961 970 3040 negat.
995 2946 1154 3042 Quatuor
1175 2947 1359 3038 meursium,

281 3066 453 3156 Januarii,
478 3066 617 3157 Martii,
641 3065 769 3168 Aprilis
791 3085 823 3141 et
845 3066 1041 3142 Decembris
1061 3067 1244 3166 fragmenta
1268 3099 1363 3146 nune

280 3209 389 3279 eruta,
409 3209 442 3264 et
460 3190 584 3294 quippe
602 3208 765 3266 vetustate
784 3208 818 3264 ct
834 3189 932 3265 ruina
947 3191 1089 3265 maxime
1104 3192 1223 3267 adrosa
1236 3211 1271 3267 et
1280 3223 1362 3296 per-

281 3313 403 3398 fracta,
423 3313 481 3386 sed
496 3313 654 3410 Fogginii
671 3340 787 3414 opeta,
808 3313 919 3414 quoad
936 3313 1008 3387 fieri
1024 3331 1170 3415 poterat,
1192 3315 1358 3407 ordinata,

281 3433 455 3537 suppleta,
474 3452 506 3508 ct
524 3433 635 3538 amplo
650 3437 889 3510 commentario
908 3422 1087 3526 illustrata,
1107 3438 1153 3513 ob
1171 3441 1360 3535 egregium,

281 3561 340 3664 qui
356 3561 397 3633 iis
414 3559 449 3634 in
464 3558 590 3633 Ovidio
608 3558 805 3659 explicando
821 3589 904 3635 usus
920 3579 985 3651 cst,
1002 3562 1166 3661 eomajus
1183 3565 1296 3664 operis
1309 3565 1361 3638 in·

281 3683 366 3782 tegri
383 3683 582 3759 desiderium
598 3682 762 3783 injiciunt.
781 3686 882 3780 Agite
898 3684 1013 3780 igitur,
1032 3685 1182 3787 quadam
1196 3685 1270 3761 loca
1285 3717 1362 3790 per-

313 3856 322 3886 ¹
340 3853 364 3906 F
365 3853 560 3908 astorumanui
570 3853 679 3906 romani
695 3873 709 3906 a
723 3854 797 3907 Ver-
843 3864 932 3922 aaut,
950 3873 980 3908 ac
994 3853 1054 3909 fasti
1075 3856 1179 3910 romani
1192 3855 1360 3927 singulorum

279 3930 320 3986 rio
329 3929 423 3984 Flacco
434 3931 620 3984 ordinatorum
633 3929 751 4000 reliquie
764 3952 796 3984 ex
844 3933 978 3986 mensium
996 3953 1027 3986 ex
1040 3933 1167 3988 hactenus
1180 3937 1292 4004 repertis
1306 3937 1360 3990 lta-

279 4027 493 4063 marmorearum
503 4009 651 4063 tabularum
661 4009 796 4080 fragmen·
843 4009 969 4064 lendariis
979 4013 1137 4066 marmoreis
1146 4012 1218 4066 inter
1225 4033 1253 4066 ae
1260 4013 1361 4069 collati·

279 4091 312 4143 tis
324 4089 795 4160 Praenestenuperellossiscollectae
843 4091 973 4161 cupressi,
990 4111 1054 4147 cura
1071 4103 1103 4146 et
1122 4093 1210 4147 studio
1227 4095 1259 4149 P.
1278 4096 1307 4150 F.
1327 4097 1359 4151 F.

278 4177 306 4222 et
314 4166 454 4222 illustrata.
465 4167 605 4221 Accedunt
613 4169 700 4221 Verrii
708 4169 794 4222 Flacci
844 4171 984 4240 (Fogginii
995 4172 1006 4237 )
1018 4171 1112 4225 Romae
1124 4192 1195 4226 anno
1207 4194 1279 4250 ¹⁷79·
1291 4177 1360 4232 Ha:

279 4247 402 4318 Operum
410 4248 562 4318 fragmenta
570 4249 676 4316 omnia,
688 4267 746 4320 quae
752 4269 794 4303 ex·
841 4251 933 4304 omia
944 4249 1088 4320 diligenter
1097 4251 1243 4324 perpende.
