3025 5009
299 423 367 510 ess
696 419 979 491 excussus

298 566 407 640 faetus
424 580 513 652 erat,
535 560 625 665 quod
646 579 762 658 gentes
778 589 908 663 semper
923 589 1046 658 magno
1069 562 1139 640 sibi
1157 563 1287 640 honore
1312 566 1380 642 (lu-

299 710 392 771 eere,
412 681 497 758 etin
512 679 659 756 nmnmis
675 677 843 755 celebrare
860 675 1025 756 solebant.

577 1113 1090 1202 excussum-11.
1189 1213 1193 1225 ,

299 1353 341 1398 DE
362 1347 495 1396 oumsus
509 1350 550 1394 ΕΤ
566 1349 735 1395 occsstntts
746 1349 891 1398 SIDERUH
910 1350 947 1397 nt
964 1349 1081 1396 OVIDIO
1094 1350 1250 1411 norem,
1267 1349 1382 1406 BEQUB

421 1449 528 1498 rasats
548 1449 753 1497 smnnaunus
774 1451 957 1499 GMCORUH
978 1451 1020 1495 nt
1039 1450 1256 1496 sentuosum.

300 1667 327 1742 l.
351 1631 421 1739 Eo
434 1663 559 1763 majore
570 1691 633 1760 ego
644 1692 720 1738 cum
730 1660 992 1764 voluptatebuic
1002 1661 1157 1739 carminis
1170 1664 1279 1738 nostri
1289 1667 1381 1766 parti

299 1783 480 1871 immoror,
500 1811 573 1884 qua
594 1781 637 1856 ad
658 1810 728 1856 rem
746 1781 1004 1856 astronomicam
1021 1783 1185 1883 pertinet,
1208 1811 1279 1883 quo
1293 1811 1380 1883 pau-

299 1897 407 1972 ciores
423 1897 543 1971 barum
557 1895 727 1970 literarum
745 1895 907 1983 cultores,
926 1895 989 1970 etsi
1006 1912 1156 1970 veterum
1173 1895 1380 1997 scriptorum

299 2011 520 2108 intelligentia
531 2009 743 2112 probabilem
756 2007 857 2111 liujus
867 2009 1052 2113 disciplina
1063 2010 1290 2106 cognitionem
1304 2040 1380 2084 om-

298 2125 381 2201 nino
397 2125 544 2222 flagitet,
561 2122 624 2198 bac
641 2125 739 2198 etiam
756 2153 796 2198 ex
811 2142 906 2228 parte
932 2153 1043 2200 rerum
1060 2125 1253 2220 cognitione
1274 2127 1380 2200 inter-

300 2243 524 2346 pretationem
546 2242 700 2342 adjuvare
719 2239 836 2317 solent.
855 2238 1059 2339 Magnorum
1077 2241 1329 2346 philologorum
1346 2261 1381 2318 et
1495 2242 1498 2246 ’

299 2362 549 2464 interpretum,
581 2360 820 2450 Heinsiorunl,
846 2361 1118 2437 Burmannorum
1144 2361 1378 2465 aliorumque,

302 2506 446 2580 quorum
459 2475 689 2551 commentarii
701 2474 893 2577 frequenter
902 2476 1058 2552 manibus
1075 2477 1145 2549 triti
1160 2494 1254 2567 sunt,
1268 2505 1381 2552 exem·

300 2595 419 2698 plum,
440 2592 568 2696 quibis
585 2592 687 2667 rebus
704 2591 909 2695 explicandis
926 2592 1214 2696 dijudicandisque
1228 2592 1381 2697 plerum-

302 2741 367 2816 que
384 2709 644 2813 supersederunt
660 2719 683 2800 ¹,
692 2739 764 2784 non
779 2737 898 2812 pamm
910 2711 1082 2803 nocuisse,
1094 2713 1130 2786 in
1142 2729 1305 2814 promptu
1317 2729 1378 2787 est.

302 2829 465 2928 Quamvis
481 2825 546 2902 alia
557 2827 698 2902 sortasse
717 2855 831 2902 earum
846 2826 1097 2932 disciplinarum
1110 2857 1207 2906 causa
1223 2830 1287 2918 sit,
1306 2857 1381 2931 qua

302 2973 322 3020 a
338 2945 506 3020 veteribus
527 2943 662 3047 quidem
677 2943 904 3046 peculiaribus
916 2944 1013 3020 libris
1029 2946 1178 3037 tradite,
1197 2948 1311 3021 minus
1330 2964 1381 3019 ta-

302 3091 378 3138 men
396 3061 438 3138 ad
456 3061 539 3137 alios
557 3091 672 3139 omnes
691 3062 874 3164 scriptores
893 3081 1032 3165 pateant
1057 3064 1113 3162 (v.
1138 3091 1165 3137 c.
1181 3063 1377 3152 medicina,

302 3181 522 3255 architectura
538 3198 598 3254 etc.
615 3179 651 3253 in
664 3209 810 3282 quorum
822 3180 1045 3282 scriptoribus
1056 3181 1207 3283 quedam
1224 3181 1380 3277 ignorare

302 3296 478 3400 philologo
493 3327 562 3371 non
575 3295 657 3370 adeo
674 3296 806 3371 crimini
818 3295 1012 3371 vertendum
1027 3314 1134 3388 esset,
1153 3327 1257 3400 quum
1271 3297 1379 3392 magis

303 3414 579 3520 personabant,
603 3415 835 3515 minoremque
860 3433 895 3487 et
918 3414 955 3487 in
971 3413 1197 3520 aliisscriptt
1220 3415 1289 3487 vim
1315 3415 1379 3488 ha-

302 3532 430 3633 beant)
447 3549 564 3607 contra
578 3528 728 3606 historie
744 3527 907 3605 naturalis
924 3546 959 3605 et
974 3532 1185 3617 astronomia
1205 3531 1381 3635 probabili

303 3650 424 3726 notitia
441 3650 478 3725 iu
498 3647 667 3724 veteribus
691 3645 913 3749 scriptoribus
937 3674 1008 3720 non
1032 3646 1129 3723 facile
1154 3677 1262 3723 carere
1277 3677 1381 3751 posse

302 3766 451 3841 dixerim.

354 3886 405 3957 Ne
420 3881 509 3956 enim
521 3879 627 3954 dicam
641 3875 681 3951 de
692 3877 763 3976 caeli
777 3877 985 3974 cognitione,
1000 3880 1072 3970 sine
1085 3908 1150 3982 qua
1165 3880 1381 3981 geographo-

305 4025 381 4070 rum
395 4013 543 4070 veterum
560 3991 653 4067 nulla
669 4011 721 4067 est
739 3990 979 4090 intelligentia,
1009 4022 1082 4095 qua
1106 3995 1142 4068 in
1164 3993 1381 4096 philosophis

340 4213 349 4244 ¹
368 4209 428 4264 Vid.
446 4230 469 4265 v.
484 4229 506 4264 a.
523 4209 666 4268 Halmium
680 4219 708 4268 et
721 4207 909 4266 Burmannus:
920 4208 955 4264 ad
967 4209 1065 4264 Festos.
