3025 5009
267 443 352 562 «roe
679 441 963 512 excursus

283 585 465 682 delegerat,
477 582 777 660 fructuosissimam
787 610 866 659 sane
875 581 919 658 ad
929 580 1071 680 gratiam
1079 579 1261 658 ineundam
1272 583 1362 686 apud

283 709 436 784 homines
456 736 616 784 romanos
639 706 753 810 patria
770 707 921 782 historia
943 705 1192 782 amantissimos
1211 724 1248 781 et
1264 735 1364 809 quam

282 835 423 908 maxime
445 861 586 930 gnaros,
612 832 737 936 quihus
757 833 825 932 jam
846 849 943 907 autea
959 831 1064 907 Ennii
1087 848 1122 908 et
1138 830 1275 928 Virgilii
1293 859 1364 907 car·

282 959 370 1034 mina
386 958 494 1061 patria
515 955 701 1053 gratissima
717 954 806 1029 dona
823 954 1021 1032 acciderant.
1046 955 1095 1029 Et
1109 952 1217 1029 simile
1232 981 1379 1056 propo-.

287 1081 388 1158 situm
401 1083 497 1184 prius
518 1081 585 1179 jam
602 1076 782 1180 Propertio
807 1077 911 1155 luisse
932 1078 1007 1180 ipse
1027 1079 1091 1166 lv,
1109 1096 1145 1166 t,
1169 1075 1236 1178 69,
1254 1077 1363 1162 canit,

284 1234 429 1308 quorum
443 1231 598 1278 versuum
611 1231 682 1278 non
695 1202 848 1300 exiguam
859 1201 926 1276 vim
939 1200 983 1275 ad
997 1200 1112 1275 Ovidii
1124 1199 1303 1275 consilium
1314 1199 1366 1275 rel

282 1330 482 1431 capiendum
502 1327 553 1404 rel
576 1327 841 1403 confirmandum
864 1325 993 1415 fuisse,
1027 1325 1163 1427 quidam
1187 1322 1368 1401 voluerunt

283 1458 404 1550 (Lena.
423 1483 456 1555 p.
474 1454 516 1547 4¹,
536 1453 654 1529 Barth.
670 1452 713 1527 ad
722 1451 891 1553 Propertii
905 1449 929 1524 l.
944 1450 1002 1549 c.).
1020 1451 1062 1523 In
1076 1449 1181 1546 elegia
1192 1449 1281 1524 enim
1293 1447 1367 1539 illa,

284 1606 350 1679 qua
358 1576 486 1652 homini
498 1576 677 1678 peregrino
686 1572 843 1677 praeclara
852 1573 970 1648 Roma
979 1565 1196 1647 monumenta
1209 1598 1244 1645 se
1256 1589 1368 1647 osten·

284 1698 418 1774 dentem
430 1699 545 1796 fingit,
563 1717 748 1801 postquam
762 1697 820 1772 din
834 1723 965 1772 summo
981 1724 1057 1770 enm
1068 1688 1188 1770 ardore
1196 1712 1232 1772 et
1240 1695 1370 1796 impetn

285 1851 377 1898 sacra
393 1851 532 1898 romana
548 1822 739 1923 horumque
754 1819 909 1894 locorum
933 1817 1077 1892 divinam
1100 1816 1264 1916 originem
1284 1812 1369 1893 eele-

282 1949 455 2037 hrarerat,
471 1946 541 2021 hac
557 1973 592 2023 se
607 1937 789 2046 aliquando
804 1940 949 2016 carmine
964 1938 1130 2016 elaturum
1146 1940 1335 2042 promittit:

400 2141 482 2196 Sacra
495 2139 603 2212 diesque
616 2157 711 2195 carram
725 2149 753 2192 et
764 2137 926 2210 cognomina
936 2139 1020 2210 prisca
1031 2137 1152 2193 locorum
1164 2157 1173 2194 a

285 2305 379 2410 quod
390 2303 569 2380 consilium
583 2321 671 2379 certe
686 2333 786 2406 quam
800 2305 950 2406 proxime
964 2305 1008 2381 ad
1019 2276 1131 2381 nostri
1138 2306 1301 2382 rationem
1314 2336 1369 2383 ac-

286 2431 384 2507 cedit
407 2473 447 2488 -·
469 2429 636 2519 Ovidius,
655 2431 714 2533 qui
733 2431 801 2530 jam
826 2431 869 2504 ad
891 2458 1023 2506 carmen
1041 2431 1144 2506 etiam
1167 2431 1369 2508 didacticum

284 2573 428 2630 metrum
442 2553 624 2650 elegiacum
638 2553 874 2642 transtulerat,
890 2554 928 2627 iu
941 2553 1007 2627 hoe
1017 2553 1117 2629 etiam
1131 2575 1249 2653 genere
1262 2556 1371 2654 magis

285 2678 381 2780 spico
395 2676 497 2774 elegis
510 2676 577 2752 sibi
589 2675 855 2752 familiarissimis
871 2676 1066 2779 simpliciori
1074 2707 1229 2775 magnam
1242 2699 1372 2782 partem

288 2801 434 2876 orationi
451 2802 564 2902 aptius
580 2799 660 2874 risis
676 2801 727 2874 nti
745 2797 930 2889 maluerat,
953 2800 1040 2876 forte
1063 2802 1100 2876 iu
1120 2801 1183 2878 hac
1200 2802 1302 2878 etiarn
1318 2833 1371 2893 re,

157 2957 160 2962 ·
287 2926 352 3002 nisi
369 2924 628 3016 Callimachum,
647 2925 688 3000 de
705 2926 802 3026 eujus
817 2944 925 3001 metro
944 2925 1138 3017 dubitatur,
1156 2945 1268 3004 tamen
1280 2924 1373 3004 'Pro-

287 3050 434 3152 pertium
451 3048 651 3151 respiciens,
670 3047 730 3152 qui
748 3065 783 3123 et
797 3066 894 3123 antea
909 3048 1024 3151 plnres
1041 3049 1183 3126 heroica
1200 3053 1374 3128 Romano-

289 3203 363 3249 rum
381 3173 487 3248 aetatis
503 3201 557 3246 res
574 3190 684 3270 gestas
700 3171 804 3268 elegis
821 3189 1019 3262 exornarat,
1040 3191 1073 3248 et
1090 3172 1125 3247 iu
1142 3172 1209 3248 hoc
1225 3177 1373 3251 carmine

291 3295 382 3398 quod
397 3296 585 3398 promittit,
602 3312 643 3370 ut
659 3295 731 3395 ejus
748 3294 861 3370 verbis
877 3313 968 3384 utar,
984 3295 1118 3370 mollem
1135 3297 1220 3372 vatis
1236 3295 1372 3396 elegiaci

290 3418 447 3494 hederam
472 3419 608 3494 hirsutae
637 3417 738 3492 Ennii
762 3416 859 3492 lauro
888 3446 924 3494 sc
950 3417 1164 3520 prolaturum
1192 3420 1374 3522 profitetur

293 3545 379 3645 (lv,
398 3561 430 3632 1,
451 3540 494 3641 57
505 3542 533 3641 ).
555 3527 703 3616 Tantum
720 3541 751 3616 si
768 3569 821 3617 res
837 3543 978 3643 majores
995 3543 1150 3618 canende
1167 3562 1265 3634 sunt,
1286 3545 1372 3620 ovi·

293 3669 369 3745 dius
385 3667 616 3744 excusationes
636 3666 677 3744 de
703 3667 858 3745 carminis
880 3669 1040 3744 tenuitate
1060 3686 1096 3745 et
1113 3671 1212 3747 metri
1235 3671 1372 3769 elegiaci

293 3821 358 3868 usu
373 3793 409 3867 in
425 3793 569 3868 carmine
585 3791 749 3868 historico
766 3793 877 3866 minus
894 3790 1056 3884 solemni,
1069 3810 1244 3895 poetamm
1259 3824 1372 3885 more,

294 3915 443 3992 modeste
465 3917 509 3991 ab
534 3916 659 4012 ingenii
684 3916 720 3990 in
746 3916 846 3991 tantis
868 3916 999 3992 defectu
1021 3934 1055 3992 et
1079 3920 1197 3992 innato
1224 3918 1373 4021 quodam

295 4067 408 4117 amore
423 4039 506 4116 levis
521 4039 624 4139 hujus
641 4040 771 4138 generis
786 4039 881 4141 petit.
906 4039 1026 4116 Statim
1042 4041 1086 4115 ah
1104 4041 1203 4116 initio
1221 4040 1301 4116 lihri
1320 4068 1372 4116 se-

295 4164 411 4255 cundi,
428 4166 550 4267 inquo
568 4165 712 4263 Augusti
729 4163 867 4265 quidam
884 4163 973 4242 tituli
991 4164 1181 4242 celebrandi
1195 4184 1292 4258 sunt,
1310 4167 1373 4242 hac
