3025 5009
270 486 309 553 φ
552 464 591 529 r.
619 464 802 533 ov1n11
831 465 1057 536 ursolus

267 598 328 673 Ille
347 598 457 689 caditr
470 600 659 703 mixtosque
675 604 780 679 vomit
795 633 870 680 euru
888 607 1049 703 sanguine
1064 606 1197 697 fumos,

318 720 363 789 Et
380 716 448 791 lato
465 720 610 795 moriens
626 740 762 822 pectore
779 723 910 824 plangit
926 725 1076 799 humum.

267 830 423 908 Immolet
440 861 478 907 ex
495 834 563 909 illis
582 853 712 911 taurum
732 838 816 926 tibi,
834 839 989 940 Jupiter,
1007 870 1113 915 uuum
1190 858 1194 867 '

316 948 454 1037 Victor,
474 967 509 1023 et
524 951 717 1027 Evandrum
731 953 959 1055 ruricolasque
975 978 1096 1029 vocat:
1294 977 1348 1030 ὅθι»

270 1064 521 1166 Constituitque
540 1068 625 1157 sibi,
645 1097 718 1169 quae
735 1072 882 1145 Maxima
898 1072 1039 1159 (licitur,
1056 1100 1165 1160 nans,

319 1182 385 1254 Hie
401 1182 460 1256 ubi
479 1212 556 1284 pars
571 1184 676 1259 Urbis
695 1185 735 1259 de
752 1186 836 1261 bove
851 1215 974 1263 nomen
986 1189 1099 1264 babet.

268 1297 337 1369 Nec
355 1315 440 1372 tacet
456 1300 603 1373 Evandri
619 1319 742 1390 mater,
761 1322 869 1405 prope
885 1322 1017 1405 tempos
1032 1303 1146 1380 adesse

321 1414 465 1489 Hercule
484 1446 553 1517 quo
573 1416 671 1493 tellus
688 1418 732 1493 sit
748 1420 830 1495 satis
846 1449 907 1495 usa
921 1450 994 1496 suo.

270 1528 319 1602 At
333 1529 414 1605 felix
431 1551 538 1622 vates,
558 1552 597 1608 ut
612 1536 676 1609 Dis
694 1536 882 1632 gratissima
894 1537 992 1624 vixit,

319 1648 474 1723 Possidet
491 1652 581 1726 hune
597 1654 675 1727 Jani
692 1654 740 1729 sic
758 1655 829 1727 Dea
845 1683 956 1729 mense
973 1654 1070 1729 diem.

269 1764 398 1842 luleus
415 1767 450 1839 in
466 1769 578 1863 magui
595 1787 706 1845 castus
721 1769 817 1843 Jovis
834 1770 905 1844 aede
923 1770 1079 1846 sacerdos
1101 1820 1104 1825 -

322 1881 514 1959 semimaris
530 1885 671 1959 flammis
686 1884 812 1959 viscera
828 1885 914 1960 libat
930 1887 1024 1961 ovis:

270 1997 481 2102 Redditaque
499 2020 550 2077 est
566 2003 674 2075 omnis
691 2000 821 2103 populo
839 2002 1011 2103 provincia
1026 2019 1161 2087 nostru

269 2190 343 2260 petit.
351 2190 437 2246 Cacus
448 2194 518 2247 varia
525 2214 599 2249 arma
606 2205 707 2259 tantan
718 2196 788 2250 Her·
836 2206 917 2266 petuo
924 2205 1070 2259 servarent,
1079 2212 1164 2264 μου
1169 2191 1278 2261 quidem
1285 2192 1351 2257 ritu,

271 2268 342 2321 eules
353 2288 407 2323 una
419 2270 489 2323 clava
501 2273 602 2338 utitur,
623 2272 669 2326 sed
682 2274 788 2342 repeti·
837 2276 967 2345 elegitque
978 2275 1090 2328 Potitios
1098 2284 1126 2327 et
1136 2272 1273 2337 Pinarius,
1286 2271 1353 2325 duas

271 2346 304 2399 tis
321 2347 413 2401 ictibus
432 2368 497 2419 opus
516 2362 572 2404 erat
590 2350 621 2403 ad
636 2363 788 2408 monstrum
837 2352 946 2405 familias
961 2351 1078 2417 nobiles,
1097 2369 1164 2419 quos
1179 2350 1262 2404 ritum
1274 2349 1352 2401 illum

273 2422 468 2481 debellandum.
636 2462 640 2469 -
725 2476 726 2482 ,
837 2430 953 2485 doceret.
970 2426 1353 2502 lpse‚ataereeta‚‘decirnas

305 2506 361 2571 577.
379 2507 531 2575 melosque.
549 2508 589 2561 Ita
606 2508 717 2563 Rhoetus
732 2529 789 2562 curn
829 2528 869 2570 ,ex
882 2510 969 2579 preda
981 2508 1094 2572 obtulit;
1110 2526 1169 2576 qut
1180 2526 1226 2559 ara
1238 2510 1354 2559 amna

271 2586 484 2648 sanguinantem
501 2589 568 2638 Vina
578 2585 655 2652 resen
664 2593 787 2650 norr'ens,
838 2589 979 2643 vocabatur
987 2600 1014 2643 et
1024 2588 1184 2643 sanctissime
1194 2586 1330 2641 colebatur
1338 2604 1355 2637 a

276 2658 337 2711 AEn.
347 2660 402 2728 lx,
413 2662 470 2736 349.
482 2690 515 2704 ·-
526 2666 619 2717 Fumos
632 2684 680 2733 pro
688 2704 696 2731 ‚
702 2669 789 2733 stom-
840 2666 981 2734 Romanis,
991 2678 1099 2737 eratque
1105 2685 1187 2739 prope
1194 2665 1283 2717 lorum
1289 2664 1356 2716 boa-

273 2763 330 2797 mas
343 2744 441 2799 babent
453 2759 567 2815 quatuor
580 2749 666 2802 Vatic-
678 2760 706 2803 et
717 2750 791 2803 Nea-
839 2735 925 2807 ririm;
935 2739 1046 2817 nimy&
1054 2743 1081 2798 d·
1091 2744 1108 2797 l·
1119 2754 1147 2796 el
1156 2743 1211 2797 Liv.
1225 2743 1291 2796 Hbc
1301 2740 1355 2810 ἱεί-

275 2822 327 2890 ροΙ.
339 2824 493 2894 Utrumque
503 2827 650 2880 evomuisse
659 2825 789 2897 traditum
839 2832 885 2874 tur
894 2841 967 2891 sacra
978 2823 1087 2891 antiqua
1099 2821 1231 2877 Romulus
1246 2819 1356 2887 aceepit.

273 2912 417 2973 utrumque
428 2904 501 2976 Virg.
512 2904 598 2959 habet,
607 2907 702 2974 Quum
710 2907 791 2977 igitur
839 2928 873 2941 -
883 2902 1064 2969 Constitur'tqee
1075 2904 1133 2953 sibi.
1145 2899 1250 2956 Taubo.
1261 2898 1356 2968 legen-

275 2978 373 3035 Noster
387 2982 465 3052 paulo
478 2994 539 3036 ante
543 2987 666 3053 stammas
680 3004 791 3039 memo-
840 2977 906 3032 dum
921 2990 1015 3032 monet
1024 2983 1086 3040 titi,
1104 2977 1235 3047 siquidem
1247 2976 1356 3030 illorum

274 3070 377 3127 resset,
398 3060 439 3115 hic
463 3062 553 3130 utique
568 3063 658 3130 fumos
677 3074 791 3133 praestat.
840 3056 1113 3121 valueritauetoritas‚
1126 3054 1242 3125 quitavi
1256 3056 1357 3109 lnven-

278 3136 370 3205 Adde,
381 3137 452 3207 quod
460 3141 488 3199 in
498 3142 661 3195 moribundo
672 3142 727 3209 jam
740 3163 791 3195 ex·
840 3138 892 3190 tori
903 3137 972 3191 bane
983 3156 1057 3190 aram
1069 3138 1100 3189 ab
1111 3135 1228 3189 Hercule
1241 3133 1357 3187 dicatam

276 3218 377 3271 stinctae
389 3229 466 3273 erant
477 3218 600 3273 flamma.
615 3220 704 3275 Etiam
716 3222 791 3275 asi.
840 3215 946 3269 vellent.
957 3244 991 3255 —
1005 3218 1061 3281 Quo
1073 3218 1149 3268 tellus
1160 3219 1197 3267 sit
1210 3217 1277 3265 satis
1289 3232 1355 3274 usa,

276 3296 338 3349 don.
348 3296 512 3365 Apolearrn.
522 3298 793 3367 Xlll,collalen1'da
841 3312 895 3363 quo
910 3293 973 3347 hine
984 3294 1102 3348 abiturus
1112 3293 1146 3346 sit
1158 3291 1190 3345 ad
1205 3292 1284 3345 Deos.
1299 3288 1356 3344 Sed

278 3377 344 3427 Caci
341 3375 414 3443 suris
426 3386 619 3428 memorantur.
841 3372 892 3425 hoe
903 3373 939 3425 ita
950 3372 1068 3427 elocutus
1078 3382 1132 3436 est,
1145 3381 1176 3424 ut
1186 3371 1311 3424 utilitates
1319 3369 1359 3422 si-

312 3456 368 3525 579.
377 3451 459 3507 Crede
469 3453 583 3522 expiata,
594 3451 723 3505 Hercules
729 3448 792 3503 Jori
841 3452 999 3520 gnificaret,
1018 3470 1083 3520 quas
1098 3451 1175 3505 tellus
1189 3470 1221 3505 ex
1233 3448 1358 3504 Herculis

278 3531 416 3585 Inventori
427 3551 499 3584 aram
510 3532 618 3597 statuit,
630 3548 688 3600 quae
697 3529 792 3582 Romae
840 3529 973 3583 laboribus
989 3530 1142 3600 perceperit.
1163 3528 1269 3582 Desinit
1284 3527 1358 3580 locus

277 3620 334 3663 erat
347 3608 379 3661 ad
393 3618 497 3677 portam
506 3606 791 3677 Trigeminam‚eique
840 3605 869 3659 in
883 3605 1036 3660 Cannentse
1048 3605 1191 3676 apotheosi.

277 3699 382 3741 taurum
392 3687 648 3741 unumimmolavit:
662 3686 793 3755 idquesa-
876 3686 932 3753 587.
950 3686 1012 3738 Idus
1027 3703 1121 3737 omnes
1138 3683 1201 3736 Jovi
1218 3698 1306 3736 sarra.
1321 3681 1359 3735 lis

278 3769 406 3823 trifinium
419 3768 535 3823 Romani
554 3785 639 3838 groco
655 3766 708 3819 ritu
723 3765 793 3818 Dio-
841 3762 897 3815 ovis
906 3761 1011 3829 eidem,
1024 3762 1087 3815 inde
1097 3766 1176 3816 idelis
1187 3760 1272 3827 dieta,
1283 3778 1360 3812 mac-

277 3848 344 3919 nysii
356 3846 620 3901 Halic.adbuceetate
629 3842 793 3912 repetebant.
841 3838 962 3905 utatur,
975 3839 1020 3893 sed
1034 3838 1123 3892 Idibus
1130 3839 1242 3891 Januar.
1253 3856 1360 3892 vervex,

278 3923 413 3989 Evander,
425 3924 469 3992 qui
482 3944 513 3977 ex
523 3934 608 3977 matre
619 3921 737 3975 audierat
746 3960 754 3987 ,
764 3920 792 3973 in
841 3921 937 3990 -sqq
948 3924 1107 3987 reddetaque.
1116 3958 1122 3971 .
1130 3959 1137 3972 .
1145 3938 1210 3973 arus
1221 3917 1361 3987 paulona-

276 4004 337 4057 satis
349 4022 422 4069 esse,
442 4012 471 4053 ut
491 4002 620 4055 Hercules
637 4000 708 4053 inter
720 3998 793 4053 Deos
842 4000 981 4071 gligentius
993 3998 1087 4067 scripta
1099 4008 1127 4051 et
1138 3996 1245 4062 addita,
1263 4014 1361 4065 quam-

276 4081 422 4146 reserrtm,
437 4080 537 4149 primus
548 4082 573 4133 ei
582 4079 722 4133 sacraseeit
731 4119 738 4143 ‚
748 4098 794 4132 ara
842 4098 923 4148 quarn
939 4076 972 4131 ad
986 4078 1135 4146 Augustum
1147 4074 1290 4145 pertinent.
1303 4074 1360 4127 An.

275 4168 412 4214 exstructa.
429 4158 501 4211 Tum
515 4158 643 4211 Hercules
653 4177 667 4210 a
678 4156 794 4227 regionis
842 4178 869 4209 u.
881 4178 903 4211 r.
917 4178 979 4227 727,
998 4174 1081 4226 quurn
1093 4154 1254 4210 Octavianus
1266 4154 1361 4207 simu-

273 4240 342 4293 illius
352 4236 441 4292 ineolis
453 4237 541 4307 petiit,
555 4247 585 4290 ut
598 4236 639 4289 illa
649 4255 721 4290 sacra
733 4255 793 4305 per·
842 4236 1008 4303 laret‚omne
1016 4255 1044 4289 se
1053 4234 1298 4304 depositurumesse
1305 4232 1359 4313 im-
