3025 5009
301 534 323 579 1
678 506 988 582 PnAErnrro.

297 658 382 768 ejus
393 686 416 738 1
427 685 515 739 mea
529 654 714 739 nonnihil
727 655 944 769 discrepare
955 653 1156 763 videbam,
1168 658 1372 769 persistere

296 807 339 887 in
350 835 466 917 opere
474 828 600 919 coepto
610 804 771 919 placuit.
784 804 848 889 De
858 838 947 890 mea
958 808 1108 890 ratione
1121 836 1246 919 pauca
1254 830 1369 915 sunt,

293 986 386 1073 quae
396 986 598 1039 moneam.
611 956 646 1039 A
658 956 884 1040 recensione
893 954 1371 1041 Heinsio-burmanniana

294 1104 440 1215 passim
451 1100 714 1186 recedendum
726 1102 826 1184 mibi
838 1102 1071 1187 videbatur:
1090 1135 1221 1219 neque
1231 1135 1370 1189 omnes

293 1252 500 1358 lectiones,
520 1282 618 1369 quas
630 1251 992 1336 MitscherlichiiV.
1010 1250 1065 1334 D.
1084 1251 1278 1365 judicium
1291 1253 1370 1337 ele·

291 1402 363 1516 git,
375 1429 524 1485 servare
537 1422 729 1513 poteram.
744 1400 884 1516 Itaque
895 1422 1049 1482 textum
1061 1399 1159 1513 ipse,
1170 1429 1249 1515 qua
1258 1402 1370 1512 potui

290 1548 514 1665 diligentia,
537 1548 749 1655 constitui,
772 1548 1014 1664 singulisque
1028 1547 1123 1629 locis
1142 1546 1255 1631 sactae
1274 1576 1366 1633 mu·

291 1699 448 1781 tationis
474 1695 627 1781 reddidi
652 1698 863 1779 rationem.
900 1694 1075 1778 Evariis
1102 1694 1367 1805 lectionibus,

288 1878 387 1963 quas
405 1847 583 1960 exempla
602 1848 788 1929 carminis
807 1868 892 1929 tam
917 1848 1093 1959 scripta,
1121 1876 1243 1963 quarn
1263 1846 1368 1931 edita

289 1994 614 2109 suppeditabant,
636 1994 942 2104 memorabiles,
970 1997 1212 2107 conjecturas
1230 2018 1366 2080 autem

288 2146 465 2229 virorum
484 2142 716 2250 doctorum,
738 2170 832 2259 quae
857 2139 1024 2259 quidem
1046 2140 1148 2223 mibi
1176 2144 1363 2228 innotue-

287 2310 381 2373 runt
393 2350 406 2396 ,
418 2318 555 2375 omnes
563 2288 740 2395 exhibui,
755 2287 898 2377 additis
912 2288 1069 2399 judiciis
1079 2310 1162 2369 tarn
1174 2287 1361 2398 aliorum,

286 2466 409 2555 quam
430 2439 527 2520 meis
545 2434 918 2552 qualibuscrmrque.
944 2435 992 2517 In
1011 2437 1302 2549 interpretando
1320 2440 1364 2523 id

287 2585 487 2702 agendum
507 2605 613 2690 erat,
636 2604 680 2665 ut
695 2580 840 2665 modus
854 2604 1071 2665 servaretur
1088 2618 1098 2662 :
1116 2614 1211 2667 nam
1226 2588 1258 2667 si
1271 2590 1362 2705 quis

286 2736 446 2842 omnia,
477 2760 651 2849 quorum
671 2730 997 2844 explicandorum
1014 2735 1259 2816 occasionem
1284 2733 1360 2819 hoc

284 2914 443 2969 carmen
463 2881 636 2996 praebet,
658 2881 852 2995 copiosius
877 2880 1071 2965 illustrare
1089 2881 1210 2990 velit,
1232 2886 1358 2998 majo-

285 3062 370 3115 rem
381 3033 424 3113 in
436 3032 587 3115 molem
597 3028 711 3113 facile
723 3028 823 3113 liber
833 3030 1037 3137 increscat,
1047 3029 1227 3144 plurimis
1239 3034 1358 3116 etiam

284 3183 507 3267 excursibus
518 3178 894 3294 etdispntationibus
907 3200 1103 3262 oneratus.
1118 3178 1269 3263 Rerum
1282 3211 1358 3266 cae·

283 3332 441 3415 lestium
458 3328 600 3413 rudem
621 3326 740 3411 fuisse
757 3326 978 3434 Ovidium,
1003 3308 1121 3443 atque
1134 3330 1178 3409 in
1192 3330 1239 3411 iis
1257 3330 1356 3419 refe·

284 3481 415 3566 rendis
435 3478 603 3565 subinde
616 3506 814 3592 peccasse,
831 3479 922 3560 satis
932 3500 1097 3563 constat.
1114 3479 1160 3565 ln
1176 3481 1223 3562 iis
1236 3481 1355 3595 igitur

281 3628 513 3746 castigandis
531 3656 614 3711 non
634 3628 778 3742 longus
799 3626 885 3733 fin,
906 3626 998 3740 satis
1019 3626 1120 3709 mibi
1142 3625 1218 3708 fuit
1236 3656 1350 3710 men·

277 3802 363 3863 tem
377 3800 527 3891 poetae,
546 3775 617 3858 ubi
631 3772 871 3859 subobscura
884 3794 1007 3880 esset,
1027 3773 1189 3885 aperire.
1209 3772 1349 3887 Scripsi

282 3908 421 4006 Fuldae
441 3922 534 4006 Kal.
559 3922 677 4007 Mart.
702 3952 732 4003 n
751 3950 847 4006 occe
863 3950 920 4003 xr.

700 4208 936 4235 ...Φ-...-
