3025 5009
427 503 740 573 FASTORUM
769 505 869 570 LIB.
903 503 984 569 111.
1147 501 1236 566 ⁴183

213 648 293 732 Est,
310 645 373 727 ait:
389 663 421 718 et
438 644 512 718 saevi
528 643 674 719 flectitur
690 644 739 717 ira
754 643 869 716 Jovis:
1189 678 1239 746 ²9⁰

167 760 234 834 Sed
249 777 413 861 poterunt
428 758 530 832 ritum
546 760 646 834 Picus
662 761 862 859 Faunusque
881 756 996 859 piandi

214 874 379 962 Prodere,
398 875 543 949 Romani
559 904 682 948 numen
700 891 840 974 uterque
859 871 933 946 soli.

166 992 236 1066 Nec
251 992 322 1065 sine
337 991 370 1063 vi
387 992 541 1065 tradent:
557 991 716 1065 adhibeto
734 987 866 1062 vincula
883 989 1008 1090 captis,

216 1109 329 1209 Atque
344 1107 409 1195 ita,
428 1136 493 1209 qua
507 1106 661 1209 possint,
679 1107 807 1194 erudit,
824 1125 892 1180 arte
911 1107 993 1207 capi.

166 1229 279 1302 Lucus
295 1225 463 1300 Aventino
481 1225 616 1299 suberat
631 1224 726 1321 niger
741 1223 826 1298 ilicis
845 1225 983 1311 umbra,
1191 1245 1241 1316 295

217 1342 298 1438 Quo
314 1369 430 1441 posses
448 1341 520 1415 viso
536 1340 663 1428 dicere,
679 1345 811 1415 Numen
825 1339 922 1414 inest.

165 1458 207 1529 ln
225 1455 334 1530 medio
352 1485 506 1552 gramen,
525 1485 708 1559 muscoque
725 1459 885 1559 adoperta
903 1457 1022 1531 virenti

216 1573 379 1646 Manabat
395 1602 474 1648 saro
490 1602 571 1646 vena
590 1574 746 1676 perennis
763 1603 866 1674 aquae.

168 1689 250 1764 lude
266 1690 334 1766 fere
351 1690 415 1765 soli
430 1693 566 1765 Faunus
582 1689 750 1792 Picusque
766 1689 938 1764 bibebant.

217 1807 294 1879 Huc
310 1805 419 1894 venit,
435 1824 468 1880 et
482 1805 569 1878 sonti
586 1833 644 1880 rex
659 1808 769 1878 Numa
786 1822 906 1879 mactat
925 1833 1043 1878 ovem:
1191 1823 1241 1878 300

168 1906 337 2023 Plenaque
351 1921 482 1996 odorati
499 1921 651 2022 disponit
664 1920 787 2024 pocula
802 1920 925 1995 Bacchi
938 1951 946 2008 ;

169 2086 195 2130 et
207 2097 272 2132 vers.
285 2079 351 2146 343,
364 2099 500 2147 procurare
503 2079 606 2148 subm
620 2079 680 2132 dr·
729 2098 787 2148 quae
799 2079 826 2131 in
837 2077 929 2146 vulgus
938 2077 1111 2146 proterantur.
1125 2075 1168 2128 Sic
1179 2095 1243 2131 saue

169 2155 264 2208 nohd.
275 2155 335 2210 lsic
345 2157 575 2226 circumloquitur:
584 2157 680 2212 «Scire
728 2155 817 2208 Tibul.
832 2156 860 2221 l,
875 2171 913 2219 tv,
927 2157 973 2223 73:
985 2177 997 2200 τι
1012 2155 1078 2207 ttaee
1089 2151 1169 2217 mihi,
1182 2173 1241 2221 quae

171 2255 185 2281 s
198 2234 314 2288 remedia
328 2275 336 2301 ,
355 2238 451 2305 quihus
465 2238 546 2290 averti
563 2237 680 2306 possint,
730 2253 744 2279 r
757 2251 883 2286 canerem
891 2231 979 2302 Titio,
991 2231 1065 2286 Deus
1074 2229 1217 2284 ediditore.
1226 2253 1240 2277 a

171 2331 185 2358 a
198 2331 256 2380 que
271 2329 319 2381 per
330 2311 449 2367 fulminis
462 2315 562 2381 jactum
580 2315 607 2367 in
623 2313 680 2367 bu·
730 2309 791 2374 lll,
807 2312 913 2375 tv,42,
926 2309 959 2361 de
974 2309 1112 2376 Apolline:
1125 2331 1137 2353 κ
1151 2308 1242 2362 Edidit

171 2408 185 2435 ι
196 2390 281 2442 manis
292 2389 351 2441 fieri
356 2392 457 2458 Jupiter
464 2390 629 2444 constituerit
637 2411 680 2444 re·
730 2408 745 2432 a
753 2385 810 2438 haec
818 2384 886 2438 dulci
896 2385 979 2438 tristia
987 2387 1065 2438 verba
1073 2384 1161 2436 modo.
1170 2408 1182 2430 »
1189 2385 1241 2438 Ne·

169 2487 183 2512 n
195 2467 250 2521 bu„
259 2489 273 2514 s
281 2469 435 2529 -Faum
446 2468 596 2535 Plautius,
607 2469 682 2522 Abo-
729 2483 781 2532 que
791 2475 881 2516 tamen
891 2464 945 2517 haer
956 2465 1035 2516 uerba
1047 2465 1124 2517 saeris
1137 2464 1241 2534 propria

168 2543 284 2616 rigiuurn
301 2566 366 2614 rex,
388 2549 428 2600 vir
445 2549 581 2618 prudens,
599 2569 680 2618 quem
729 2541 895 2594 crediderim.
907 2541 1038 2594 Plutarch.
1051 2545 1088 2597 eb
1102 2545 1139 2595 brt*
1148 2553 1194 2600 erit
1207 2568 1241 2595 ›tr-

170 2623 302 2691 Romani,
320 2635 350 2678 ul
362 2625 452 2678 Deum
468 2627 583 2696 patrium
600 2636 680 2693 atque
728 2632 818 2692 penurie
835 2623 957 2688 ικδιθᾶξαι
975 2625 1102 2696 καθαιομέν,
1121 2639 1170 2690 pro
1188 2640 1241 2689 quo

167 2699 319 2767 fatidicum,
335 2701 467 2756 sacrificiis
481 2712 508 2755 et
519 2702 682 2756 carminibus
729 2706 790 2752 mox
800 2702 925 2753 tertiatur:
939 2697 1037 2750 Arnob.
1049 2695 1080 2748 de
1089 2697 1138 2751 har.
1146 2697 1240 2751 eadem

168 2777 303 2839 eotebanu
320 2777 432 2850 Dionys.
445 2780 475 2842 l,
494 2779 534 2830 31.
552 2778 606 2833 sed
625 2779 681 2846 jam
729 2802 759 2835 re
773 2803 779 2836 :
793 2803 806 2828 α
819 2780 990 2836 Perdoruisse
1002 2801 1108 2852 regem,
1120 2804 1133 2828 a
1147 2799 1243 2850 quam-

168 2866 229 2909 ante
245 2857 360 2910 Romam
372 2857 523 2925 conditam,
544 2858 681 2911 oraculum
730 2881 810 2930 quam
828 2872 872 2929 et,
885 2884 899 2909 α
912 2881 966 2913 uon
981 2861 1028 2931 ipsi
1042 2861 1148 2914 edidere
1164 2879 1242 2930 quae-

169 2936 226 3005 ejus
240 2937 441 2999 consulebatur;
459 2937 608 3003 AEn.v11‚
628 2940 656 2991 81
674 2957 681 2991 z
731 2961 745 2987 n
758 2941 857 2993 renti.»
871 2939 943 2993 Cum
955 2960 1019 3010 sqq,
1033 2960 1078 2992 nec
1090 2945 1145 2992 sine
1157 2943 1241 2992 vr'etc.

171 3035 184 3060 ι
196 3014 234 3068 At
241 3034 288 3068 rex
295 3016 420 3071 sollicitus
427 3017 566 3082 monstris,
577 3015 682 3069 oracula
729 3017 799 3070 eonl.
812 3017 886 3086 Virg.
898 3017 995 3087 Georg.
1009 3017 1058 3082 IV,
1070 3015 1119 3087 398
1130 3035 1167 3084 sq.

171 3115 187 3140 a
198 3093 302 3161 Fauni,
315 3093 426 3149 Fatidici
440 3095 581 3166 genitoris,
595 3093 682 3148 adit.»
764 3099 820 3168 295.
831 3096 916 3149 Fauni
929 3097 1063 3149 oraculum
1074 3095 1102 3148 in
1116 3096 1175 3148 luco
1189 3093 1243 3148 Al-

172 3171 225 3225 set
247 3173 276 3225 in
296 3174 448 3228 societatem
470 3172 579 3226 honoris
600 3171 683 3224 divini
729 3175 1242 3246 buneaeerat;Virg.AEn.Vll,81sqq,

172 3249 251 3301 etiam
269 3251 439 3304 Jt’cusvenit.
458 3249 593 3304 Plutarch.
611 3248 683 3302 dicto
730 3255 776 3308 uhi
795 3255 853 3307 vide
868 3255 919 3309 lnt.
938 3253 991 3309 Sed
1003 3275 1075 3308 nunc
1087 3254 1159 3324 prior
1170 3253 1244 3307 lucus

172 3325 219 3379 lot·
231 3327 262 3380 lit
273 3327 531 3381 medicamentorum
546 3326 684 3380 scientiam
730 3344 914 3399 memoratur,
933 3335 981 3387 sub
998 3335 1139 3394 Aventino,
1163 3350 1244 3401 quem

173 3405 282 3472 tribuit,
303 3415 382 3474 atque
403 3407 499 3458 artium
513 3405 683 3476 magicarum.
703 3400 712 3412 ⁸
731 3410 1116 3481 olimslargoshabuissefimres,
1128 3411 1247 3476 lucosque
1282 3416 1285 3422 ’

172 3483 235 3537 Vid.
244 3483 346 3556 Heynii
356 3485 418 3538 Ere.
428 3483 453 3535 V
463 3484 495 3538 ad
508 3485 572 3536 AEn.
581 3485 685 3536 VH·-
731 3507 843 3559 opacos,
858 3509 872 3543 e
886 3489 1020 3543 Plutarchi
1032 3488 1093 3541 dict.
1106 3487 1154 3540 loc.
1166 3486 1245 3540 disci·

172 3562 316 3634 Disputant
324 3563 454 3630 editores,
464 3573 554 3616 utrum
562 3565 680 3631 prodere,
732 3585 800 3620 mus.
808 3595 842 3606 -
851 3567 939 3634 unet.
950 3585 965 3618 a
977 3565 1121 3634 nigricante
1133 3563 1195 3617 ilicis
1209 3563 1247 3616 vi-

172 3661 206 3694 an
221 3645 331 3704 tradere,
351 3661 386 3696 an
399 3645 471 3697 edere
484 3641 629 3714 legendum
642 3643 685 3696 sit.
731 3665 809 3708 rore,
824 3645 863 3698 IX
880 3645 991 3697 Metam.
1006 3644 1072 3710 654,
1087 3665 1100 3690 ιι
1119 3643 1245 3712 nigraque
1284 3670 1287 3679 ·

170 3722 278 3775 Prodere
289 3721 383 3775 Heius.
395 3719 525 3774 eersin.
534 3719 609 3772 Voss.
622 3719 687 3773 Ma·
734 3747 748 3772 »
760 3723 809 3778 sub
819 3724 876 3778 ilice
889 3734 1009 3776 manat.»
1022 3721 1082 3775 cul,
1098 3722 1162 3787 138,
1173 3744 1186 3766 «ι
1200 3721 1247 3774 lti-

171 3801 251 3853 zarin.
264 3799 366 3853 Zulich.
378 3809 405 3853 et
415 3819 459 3852 sex
469 3798 524 3852 aliis
536 3798 668 3868 adoptavit
676 3837 685 3865 ,
734 3825 748 3850 a
761 3804 796 3856 cis
811 3813 838 3855 et
853 3803 934 3872 nigra
946 3801 1051 3872 species,
1067 3823 1080 3847 u
1095 3799 1139 3854 Sic
1152 3801 1247 3855 melius

172 3878 246 3948 quod
259 3879 292 3931 sit
307 3879 420 3932 verbum
438 3879 516 3932 sacris
532 3877 688 3946 frequenter
733 3877 833 3949 capies,
847 3879 972 3948 quamde
985 3880 1079 3932 umbra
1091 3879 1247 3933 obscura.-

173 3956 329 4010 adbibitnm.
341 3957 471 4010 Bunnan.
483 3953 539 4009 vult
550 3996 557 4023 ,
570 3965 615 4008 aut
625 3955 685 4021 hic,
733 3955 798 4010 Iade
812 3961 902 4010 soll...
913 3961 1044 4020 bibebant,
1061 3959 1122 4027 quia
1135 3958 1194 4028 ipsis
1205 3979 1248 4012 sa-

173 4035 327 4089 auctoritate
351 4036 465 4090 Puteani
487 4035 686 4103 multorumque
733 4054 787 4088 cer.
800 4034 901 4088 Aruob.
916 4055 931 4080 e
942 4033 990 4087 illis
1002 4033 1115 4102 aquandi
1128 4037 1247 4088 solemne

175 4113 302 4179 aliorum,
313 4115 386 4168 edere
394 4111 552 4184 legendum,
562 4123 608 4167 aut
621 4133 690 4165 vers.
735 4133 749 4157 r
763 4111 814 4164 iter
828 4110 879 4164 hnc
891 4109 947 4163 tuit.
959 4133 972 4158 u

176 4195 241 4264 294,
253 4195 336 4245 edr'dr’t
346 4211 395 4263 pro
410 4195 499 4245 erudit.
515 4193 598 4243 Edere
614 4189 687 4243 enirn
768 4189 826 4241 301.
852 4191 979 4241 Oderatns
995 4191 1135 4251 Bacchus,
1156 4189 1249 4242 vinum

176 4285 232 4321 non
242 4268 332 4324 minus
343 4287 398 4324 esse
408 4269 436 4323 in
446 4269 523 4324 sacris
534 4268 687 4338 proprium,
736 4265 861 4334 odorum,
869 4267 986 4337 adeoque
994 4288 1162 4338 generosum,
1170 4270 1247 4323 etiam
