3025 5009
265 487 333 575 uss
651 483 942 556 excussus

266 638 320 710 lta
336 633 501 722 infestis,
521 659 608 734 quos
621 647 701 708 aetas
717 631 819 706 nobis
839 630 983 707 servavit
1001 631 1201 734 plerumque
1220 659 1261 707 ex
1277 633 1348 706 Au·

267 759 357 856 gusti
382 771 415 832 et
431 756 560 832 Tiberii
581 774 749 858 tempore,
772 754 895 832 borum
917 755 1030 845 tituli3
1057 755 1122 830 sub
1140 755 1350 858 sequioribus

267 881 547 984 Imperatoribus‚
568 881 713 983 ejusqui
732 899 813 956 tunc
826 880 1005 982 imperinm
1019 880 1171 969 tenebat,
1187 909 1242 956 res
1253 899 1351 977 gesta

266 1006 360 1082 feriis
380 1005 553 1082 celebrate
570 1023 669 1094 sunt,
690 1006 881 1109 exstirpatis
896 1025 992 1082 antea
1009 1005 1070 1095 iis,
1088 1033 1162 1107 qua
1178 1005 1243 1080 sub
1260 1023 1352 1080 anto

268 1130 460 1206 cessoribns
477 1129 610 1205 suerunt
626 1147 797 1206 annotata.
817 1131 902 1205 Post
914 1129 1060 1204 honores
1076 1129 1188 1225 gentis
1197 1126 1297 1202 Julire
1308 1127 1350 1203 ab

270 1251 396 1328 Ovidio
419 1253 519 1329 etiam
537 1253 749 1344 celebratos,
776 1252 876 1342 vide,
903 1279 978 1356 qua
995 1252 1087 1327 Fasti
1104 1251 1301 1328 Pmuestiui
1317 1251 1353 1326 in

269 1379 415 1481 ejusdem
435 1381 545 1478 gentis
557 1379 690 1456 laudem
703 1397 866 1456 annotant
875 1381 917 1455 ad
924 1377 1077 1455 Januarii
1089 1377 1160 1454 dies
1176 1403 1215 1480 7,
1226 1379 1270 1466 8,
1289 1374 1352 1464 16,

274 1531 335 1604 17,
353 1529 399 1606 ²9
415 1505 638 1583 :Amiternini
651 1505 694 1580 ad
707 1504 856 1602 Augusti
866 1503 939 1580 dics
960 1529 997 1592 1,
1017 1527 1059 1592 a,
1076 1529 1116 1604 9;
1134 1501 1228 1603 Sept
1254 1527 1295 1590 1,
1312 1526 1353 1601 93

271 1627 350 1702 Oct.
373 1653 415 1700 12
430 1645 497 1722 etc„
508 1631 554 1704 Et
568 1655 671 1731 quum
681 1655 720 1704 ex
736 1628 930 1731 sequiorum
942 1630 1139 1729 Imperator.
1154 1623 1250 1700 sastis
1261 1623 1354 1698 nulia

270 1767 402 1828 exstent
415 1749 615 1848 fragmenta,
630 1751 720 1828 idem
731 1769 842 1827 umen
856 1753 893 1826 in
904 1750 1026 1826 ultimo
1041 1749 1133 1852 quod
1149 1765 1257 1824 emur
1269 1749 1356 1822 Con·

269 1874 538 1972 stantiniMagni
548 1875 751 1953 Kalendario
761 1876 779 1976 (
789 1877 897 1951 Grer.
907 1873 1009 1950 Tbes.
1028 1874 1222 1962 touvtll,
1238 1901 1272 1974 p.
1284 1874 1354 1973 97)

267 1997 387 2091 babes,
399 1999 476 2092 nbi,
488 2020 632 2080 utantea
641 1997 1355 2102 AugusriTiberiique‚nuueConsumini‚

270 2123 464 2200 Constantii
480 2124 688 2226 aliorumque
697 2153 751 2206 res
760 2125 896 2200 sortiter
905 2142 1006 2221 gesta
1014 2121 1123 2198 titulis
1133 2122 1353 2198 celebrantur.

317 2245 385 2321 Sed
409 2264 541 2322 tautum
564 2247 607 2322 de
629 2247 684 2322 his
706 2246 803 2322 fastis
823 2245 1083 2334 kalendaribus‚
1107 2274 1195 2348 quos
1211 2245 1355 2323 Ovidius

267 2369 416 2446 carmine
440 2370 640 2461 exornavit,
661 2388 696 2446 et
717 2369 762 2444 ad
784 2397 871 2472 quos
897 2369 1017 2472 sapius
1040 2395 1208 2446 recurrere
1230 2367 1355 2444 iioebit

269 2493 366 2592 Quid
383 2495 523 2569 autem?
540 2493 632 2596 quod
654 2492 781 2596 passim
804 2493 848 2568 ab
872 2493 1139 2595 interpretibus,
1162 2491 1271 2568 multo
1291 2491 1356 2578 alia

270 2647 346 2692 cum
364 2647 421 2707 re,
447 2618 543 2692 fastis
563 2617 709 2706 scilicet,
736 2644 796 2692 seu
816 2614 1018 2706 annalibus,
1047 2644 1121 2719 qua
1142 2617 1291 2692 historia
1312 2615 1357 2690 ad

270 2741 375 2818 instar
389 2740 508 2845 primis
525 2741 737 2844 temporibus
752 2741 869 2832 sume,
892 2757 1161 2830 commutantur,
1181 2769 1284 2844 quare
1303 2769 1357 2818 er·

270 2865 357 2941 roris
369 2865 497 2941 vitandi
515 2893 613 2941 causa
629 2864 672 2941 de
688 2864 744 2940 bis
759 2865 860 2941 etiam
872 2865 990 2967 paucis
1005 2862 1187 2940 ridendum
1201 2883 1262 2942 est

392 3095 425 3143 2.
451 3067 551 3144 Fasti
562 3068 713 3157 historici,
734 3069 930 3169 (Annales,
951 3069 997 3145 F.
1015 3069 1190 3145 consulares
1203 3069 1230 3168 ).

322 3273 508 3346 Commune
523 3299 646 3346 nomeu
667 3270 744 3347 inde
766 3269 860 3345 baud
876 3269 978 3346 dubie
993 3269 1115 3361 fluxit,
1137 3272 1229 3374 quod
1247 3271 1283 3346 in
1301 3272 1356 3346 bis

271 3395 390 3498 primis
411 3395 560 3471 historia
581 3396 687 3471 initiis
709 3395 852 3494 singulis
869 3396 965 3470 annis
988 3423 1042 3472 res
1063 3414 1163 3493 gesta
1183 3395 1235 3472 vei
1257 3397 1357 3498 quic·

273 3519 356 3621 quid
372 3520 530 3595 memoria
553 3517 692 3616 dignum
713 3519 952 3620 judicabatur,
976 3519 1020 3595 nd
1037 3519 1187 3597 ordinem
1204 3520 1354 3611 dierum,

274 3645 392 3748 quiin
417 3645 513 3721 fastis
540 3643 774 3720 kalendaribus
799 3644 959 3747 descripti
984 3663 1098 3736 erant,
1125 3643 1295 3720 anuabum
1320 3645 1355 3717 in

273 3795 401 3843 morem
411 3769 659 3845 exhibebantur
670 3777 692 3842 ¹.
705 3769 927 3867 Magistratus
937 3769 1085 3870 cujusvis
1094 3769 1188 3858 anni,
1202 3767 1355 3842 consules

272 3965 374 4022 tnr.De
381 3967 717 4029 sce'le'cetresnotffleici.
725 3967 756 4023 11.
764 3964 788 4034 1,
840 3967 896 4038 ipse
909 3964 1045 4021 annalium
1062 3963 1234 4020 mediocriter
1247 3983 1296 4019 nos
1313 3985 1358 4019 re·

273 4049 359 4119 nupti
370 4054 424 4102 πολὺ
435 4049 502 4102 tdto'r
515 4051 563 4104 terr
576 4057 625 4101 etc.
633 4046 664 4100 3⁰
674 4057 788 4117 utraque
841 4049 926 4114 tinet,
946 4043 1019 4117 quasi
1031 4050 1217 4100 emmmrbre
1220 4045 1359 4114 fastorum.

272 4123 300 4178 in
310 4124 497 4194 questionibus
508 4125 622 4181 occurrit
634 4143 683 4195 pro
691 4129 776 4182 nunt?
840 4155 875 4170 -
887 4126 1017 4183 Horatius
1035 4127 1072 4182 ita
1088 4127 1143 4182 Sat.
1159 4127 1171 4180 1
1186 4166 1194 4193 ,
1215 4143 1249 4179 ur
1263 4165 1271 4192 ,
1295 4146 1357 4190 un,

308 4202 383 4258 'Cic
392 4203 425 4257 ad
433 4203 485 4258 div.
494 4203 530 4272 V,
542 4227 583 4273 n,
592 4205 620 4259 in
628 4203 791 4260 nnbiiissima
834 4205 927 4276 fastos
937 4209 1031 4261 mundi
1037 4203 1071 4260 de
1087 4207 1167 4261 totius
1180 4205 1298 4260 universi
1309 4203 1360 4258 bis·

274 4282 384 4355 epistola
392 4283 425 4339 ad
435 4283 591 4342 Lucceium:
602 4285 712 4342 Etenim
725 4283 792 4340 ordo
842 4285 909 4342 toria
922 4285 1001 4355 dicit,
1014 4295 1041 4342 et
1053 4284 1145 4342 Cum.
1156 4285 1213 4353 lv,
1228 4299 1300 4353 xiii,
1319 4284 1365 4350 ιλ.
