3025 5009
415 465 469 534 ru
494 464 681 534 orion
705 464 930 533 russos.
1142 464 1208 548 ass

140 607 229 684 Plin.
239 608 375 697 XVIII,
388 605 433 680 25
445 635 525 710 sqq,
542 605 747 705 Quinctilios
759 606 849 709 apud
861 607 967 708 Geop.
979 606 1014 695 I,
1028 623 1081 694 tt,
1099 605 1210 708 p.*39,

142 743 290 814 exstant,
309 725 452 800 conllata
469 743 563 812 sunt,
584 724 761 826 omniaque
782 741 945 825 praecepta
965 721 1065 796 Plinii
1081 781 1091 810 ,
1107 722 1212 797 Colu-

140 840 246 916 mellae
261 840 482 942 virgiliique,
508 842 536 915 si
562 858 692 941 tempus
715 838 931 912 indicandum
951 856 1020 925 est,
1043 867 1113 912 non
1134 838 1212 914 anni

141 985 290 1045 menses,
309 958 367 1032 sed
385 958 529 1032 siderum
548 985 684 1032 occasus
700 974 733 1030 et
749 974 844 1031 ortus
857 973 1017 1056 spectant.
1036 956 1088 1029 Ile
1104 956 1213 1056 ipsius

24 1094 26 1105 “
141 1091 251 1149 autem
273 1072 343 1148 culi
366 1073 596 1148 observatione
614 1091 694 1148 tunc
710 1102 781 1148 non
799 1074 1011 1169 cogitabatur
1022 1074 1058 1146 in
1068 1072 1211 1158 rustico,

141 1207 174 1261 et
192 1187 280 1261 Ptin.
298 1189 415 1262 XVIII
433 1217 459 1262 s.
478 1186 542 1275 60,
562 1186 609 1259 65
619 1171 711 1288 ‚*67,
728 1187 888 1262 indocilem
904 1188 977 1260 coli
988 1187 1153 1288 agricolam
1169 1185 1211 1257 ad

139 1301 219 1375 solia
235 1303 373 1378 decidua
387 1321 553 1404 tamquam
570 1301 741 1377 Pleiadum
757 1302 977 1377 occidentium
992 1302 1143 1396 signum,
1164 1300 1212 1372 ci-

139 1417 286 1492 cindelas
295 1436 407 1494 autem
418 1416 583 1506 lucentes,
600 1417 707 1492 sidera
715 1417 773 1492 illa
783 1418 969 1505 terrestria,
980 1435 1019 1491 ut
1033 1414 1211 1491 celestium

139 1535 571 1636 contemplationucareunt,
582 1552 749 1637 tamquam
762 1535 898 1611 solstitii
909 1532 1211 1635 appropinquantis

139 1649 272 1746 signum
290 1653 459 1727 attendere
469 1651 573 1752 jubet.
595 1652 775 1749 Virgilium
789 1651 979 1751 (Georgl,
991 1649 1088 1753 257¹)
1096 1649 1211 1735 etiam,

140 1767 199 1866 qui
215 1768 384 1871 paucipit:

272 1949 328 2003 Nec
339 1947 436 2005 frustra
448 1951 584 2023 signorum
597 1953 683 2008 obitus
693 1953 861 2023 speculamur
871 1963 898 2008 et
910 1963 1000 2021 ortus,

273 2039 501 2112 Temporibusque
514 2062 606 2113 parem
619 2043 727 2098 dirersis
739 2055 853 2114 quatuor
865 2061 967 2098 annum
981 2065 989 2108 ;

138 2188 252 2288 potius
269 2188 333 2264 hoc
351 2191 416 2264 sibi
434 2191 535 2282 velle,
553 2211 592 2267 ut
608 2193 731 2268 horum
748 2193 910 2268 fastorum
928 2222 1027 2269 usum
1045 2218 1213 2266 commen-

139 2302 211 2392 det,
236 2331 335 2404 quam
353 2304 426 2405 ipsa
447 2305 554 2381 sidera
575 2308 748 2384 observare
764 2310 902 2408 jubeat,
926 2307 1056 2404 egregie
1073 2304 1114 2380 ad
1131 2305 1165 2379 h.
1186 2303 1209 2378 l.

137 2421 268 2495 notavit
284 2423 383 2498 Voss.
401 2425 494 2523 Quin
510 2454 551 2500 ex
565 2425 619 2500 his
636 2425 717 2526 ipsis
735 2425 877 2516 tabulis,
896 2426 1022 2527 quibus
1036 2441 1210 2497 auctorum

136 2537 272 2610 nomina
283 2537 518 2639 probabiliter,
536 2540 588 2615 vel
600 2542 635 2615 in
649 2539 772 2628 titulis,
789 2540 842 2616 vel
854 2541 889 2614 in
903 2538 1044 2636 singulis
1057 2538 1211 2611 observa-

137 2655 291 2730 tionibus
309 2656 475 2760 adscn'pta
492 2675 609 2749 erant,
632 2657 799 2732 astronomi
815 2657 868 2730 illi
882 2655 1026 2731 oboriri
1040 2655 1159 2728 Conon
1178 2667 1211 2725 et

136 2769 298 2846 Eudoxus
318 2780 345 2861 ¹,
364 2801 438 2874 quos
451 2773 583 2870 Virgilii
599 2791 715 2875 pastor
729 2772 853 2876 poculo
870 2771 1057 2872 insculptos
1072 2768 1209 2858 habuit,

136 2886 331 2987 pastoribus
347 2906 382 2962 et
398 2889 552 2985 agricolis
566 2889 752 2966 innotuisse
767 2907 934 2993 poterant
951 2887 1023 2963 Eol.
1040 2891 1109 2977 Ill,
1125 2888 1197 2981 40:

272 3066 305 3120 ln
317 3065 407 3121 medio
421 3067 476 3122 duo
486 3067 578 3139 signa,
593 3067 689 3123 Conon
703 3079 730 3122 et
742 3067 800 3140 quis
810 3068 861 3122 luit
871 3065 954 3133 alter,

271 3158 417 3225 Bescn'psr't
426 3159 499 3212 radio
510 3164 589 3211 totum
600 3162 647 3228 poi
652 3161 769 3227 gentibus
781 3159 876 3222 orbem,

278 3247 414 3314 Tempora,
426 3265 481 3314 que
492 3263 597 3310 messor,
614 3265 669 3317 qun
680 3265 770 3300 currus
778 3254 866 3301 arator
874 3249 983 3302 baberet.

188 3410 380 3487 IV..Praeter
395 3411 583 3486 Graecorum
594 3430 627 3486 et
636 3412 940 3489 Alexandrinorum
950 3412 1210 3502 observationes,

139 3527 210 3604 alie
237 3529 334 3604 etium
357 3529 392 3604 in
413 3529 511 3604 ltalia
531 3531 694 3606 instituto
716 3550 943 3620 accesserant,
969 3533 1063 3607 serbi
1081 3562 1109 3607 c.
1136 3533 1210 3606 Cae-

139 3643 223 3718 saris
239 3643 331 3747 apud
344 3644 491 3720 Plinium
509 3675 595 3748 saepe
612 3648 691 3722 satis
708 3665 850 3736 exactae,
872 3665 908 3721 et
920 3645 1003 3721 sasti-
1014 3644 1212 3748 plemmque

139 3781 174 3837 et
189 3789 309 3859 grecas
322 3781 361 3837 et*
371 3791 524 3838 romanas
539 3763 681 3864 junctim
697 3764 854 3839 exhibere
866 3763 1028 3838 solebant.
1046 3764 1212 3839 Plurimas

139 3896 217 3952 vett.
233 3879 494 3968 observationes,
510 3879 620 3980 quoad
632 3879 803 3956 veritatem
816 3881 1071 3956 astronomicam
1082 3882 1212 3977 egregie

176 4081 185 4112 ¹
205 4078 348 4134 Eudoxum
368 4090 459 4134 autem
480 4097 536 4135 esse
557 4079 656 4148 illum,
701 4079 813 4136 rusticos
823 4079 971 4147 habebant,
986 4099 1086 4135 nomen
1097 4081 1218 4135 nemini*

140 4157 217 4224 cujus
228 4175 328 4212 nomen
341 4177 397 4212 non
408 4160 523 4228 suppetit
534 4161 653 4226 canenti,
704 4179 754 4230 que
761 4158 922 4226 secundum,
931 4159 988 4213 lere
995 4159 1160 4230 exploratum
1167 4171 1213 4214 est.

142 4236 177 4290 ob
196 4237 317 4306 celebre,
338 4237 485 4308 quodum
503 4236 565 4293 lasti
584 4239 655 4307 apud
704 4238 775 4294 Vide
788 4237 943 4304 Lucerum,
957 4237 1050 4294 Pbars
1060 4239 1103 4306 X,
1117 4240 1170 4307 187.
