3025 5009
433 512 721 582 FASTORUM
744 515 841 584 LIB.
866 517 940 586 Vl.

1153 518 1217 606 451

197 654 245 727 Et
262 679 388 749 genus,
406 672 439 728 et
454 654 568 745 facies,
586 656 825 759 ingeniumque
842 657 952 734 simul.

149 775 235 864 Nec,
255 776 347 876 quod
364 775 536 852 laudamus
552 778 709 870 sormam,
730 796 798 855 tam
814 799 910 882 turpe
926 783 1076 883 putaris:

198 893 389 970 Laudamus
405 923 542 992 magnas
555 895 617 970 hac
635 925 772 998 qnoque
787 915 881 997 parte
897 897 983 972 deas.

148 1005 265 1109 Nupta
279 1008 346 1081 luit
364 1007 531 1109 quondam
548 1026 725 1084 matertera
743 1010 882 1084 Cesaris
897 1011 958 1086 illi.

199 1127 232 1218 Ο
250 1126 367 1214 decus,
386 1156 407 1199 ο
425 1155 515 1201 sacra
533 1125 653 1202 semina
667 1128 768 1224 digna
786 1129 906 1202 domo!

122 1259 123 1264 ’
148 1239 205 1313 Sic
222 1239 342 1314 cecinit
359 1239 456 1314 Clio:
474 1241 579 1316 doctae
597 1241 770 1318 adsensere
787 1271 933 1317 sorores.

196 1357 329 1436 Adnuit
343 1357 494 1448 Alcides,
514 1359 746 1461 increpuitque
765 1358 880 1461 lyram.
935 1450 937 1452 =

147 1532 410 1588 einum-verbis
416 1540 442 1586 et
449 1550 538 1601 genus,
544 1533 663 1601 etfacres

145 1613 320 1681 eugeniumque
326 1615 406 1663 simul
407 1612 434 1664 in
442 1610 560 1665 Francos
560 1621 610 1664 urt.
618 1610 664 1663 ad-

146 1692 277 1761 scriptum
289 1709 295 1742 :
309 1711 322 1736 u
336 1690 402 1743 Haec
413 1689 561 1745 adulterine
569 1701 638 1744 sunt.
648 1711 662 1736 u

146 1771 192 1826 Sic
200 1769 319 1840 judicant
329 1767 409 1822 etiam
422 1769 521 1822 Brouk.
532 1780 558 1824 et
569 1769 663 1823 Burm.

146 1847 209 1918 quia
223 1856 300 1916 pocta
313 1845 386 1900 idem
398 1847 452 1915 jam
465 1846 572 1902 dixerat.

181 1929 239 1980 812.
252 1925 382 1980 Hercules
401 1931 482 1996 lytran
492 1928 603 1995 pulsans
618 1947 662 1982 se-

147 2004 224 2059 rioris
239 2004 302 2058 artis
313 2003 440 2072 frequens
457 2014 660 2072 argumentum

147 2082 273 2155 Heynius
284 2081 355 2135 dicto
367 2079 432 2134 loco.
448 2083 576 2150 Increpat!
585 2088 656 2156 lyra,

147 2163 205 2235 lyra
212 2161 306 2215 fortius
316 2160 415 2230 pulsata
424 2159 506 2214 linem
515 2161 600 2216 lacere
609 2163 662 2230 jus·

147 2242 199 2304 sit;
219 2240 256 2294 sic
271 2239 414 2306 Horatius,
433 2239 485 2305 lV,
500 2238 553 2293 Od.
566 2258 615 2306 xv,
631 2262 640 2294 ι
653 2259 660 2292 :

148 2339 162 2364 a
175 2315 291 2371 Plroebus
308 2315 443 2370 volentem
457 2316 544 2385 prelia
558 2335 601 2370 me
616 2317 660 2369 lo-

148 2418 162 2444 ι
175 2397 243 2466 qui,
263 2395 352 2449 Victas
368 2407 395 2450 et
414 2397 510 2462 urbes,
530 2396 661 2466 increpuit

147 2495 163 2522 ι
174 2475 248 2548 lyra3
259 2495 273 2521 »
285 2474 321 2528 ibi
333 2473 386 2526 vid.
399 2474 462 2527 Jani
475 2484 501 2527 et
514 2473 660 2528 lllitscherl.

147 2553 306 2624 Disputatur
324 2563 414 2608 autern
431 2550 554 2608 hocloco
568 2565 660 2610 utrum

145 2630 291 2702 legendum
301 2631 335 2685 sit
345 2634 413 2702 lyra,
430 2651 462 2684 en
475 2672 481 2698 ,
496 2630 567 2700 quod
578 2631 660 2684 Hein-

145 2711 200 2764 sius
211 2729 243 2762 ex
253 2709 361 2775 Ursini,
374 2709 531 2764 Sarraviano
540 2720 567 2763 et
577 2709 660 2763 tribus

146 2789 202 2844 aliis
213 2789 362 2860 adoptavit,
377 2793 466 2862 lyram
482 2792 599 2858 Putant,
612 2797 660 2844 r'rr-

146 2890 249 2938 crepare
260 2876 341 2943 &ram
357 2890 412 2924 esse
424 2871 578 2940 simpliciter
595 2872 660 2942 pnl-

145 2971 203 3006 sare
221 2951 325 3022 lyram,
342 2963 372 3005 ut
390 2951 502 3006 Heroid.
521 2953 578 3020 lll,
595 2954 656 3017 118;

146 3032 242 3085 Amor.
250 3030 288 3095 ll,
298 3047 337 3096 xr,
344 3031 390 3093 32;
400 3030 447 3085 sed
456 3038 584 3101 increpare
591 3035 654 3105 lym,

146 3111 253 3179 signum
267 3108 346 3174 dare,
361 3108 505 3164 admonere
516 3110 572 3182 lyra
584 3128 660 3178 aspe-

146 3187 203 3240 rius
214 3186 287 3256 pulsa
299 3205 306 3238 ι
319 3187 355 3240 sic
365 3187 445 3240 etiam
457 3185 623 3240 Schirachius
632 3197 660 3238 et

1176 1153 1227 1205 uro

713 1553 728 1578 »
741 1542 799 1586 ctus
807 1531 867 1585 erit.
876 1530 905 1586 si
914 1532 991 1598 lacis,
1000 1531 1163 1602 utiuerant,
1176 1533 1227 1603 pri·

712 1632 727 1658 u
742 1629 799 1665 mas
809 1611 921 1666 aMarte
929 1611 1078 1680 Kalendas,
1091 1613 1227 1684 Tempora

712 1692 900 1746 »constabunt
920 1689 1015 1745 ordine
1037 1690 1117 1761 ducta
1136 1712 1226 1747 suo.»

711 1768 859 1822 Vaticanus
869 1767 921 1822 boc
932 1769 1041 1822 initium
1052 1768 1110 1822 libri
1119 1768 1226 1838 septimi

710 1845 902 1910 constituebam
921 1856 948 1900 at
957 1843 1108 1901 Gronovius
1120 1847 1228 1900 monuit

709 1925 856 1994 inspectam
867 1927 917 1980 sibi
928 1926 1009 1980 luisse
1021 1925 1050 1979 in
1062 1926 1161 1982 Norico
1171 1945 1226 1980 ve-

710 2013 808 2058 tustarn
821 2007 935 2061 Nasonis
946 2007 1092 2061 editionem
1104 2007 1147 2060 cui
1156 2005 1223 2060 Cel-

710 2091 749 2135 tes
757 2083 908 2151 Protacius,
922 2085 944 2138 is
956 2103 1053 2154 nempe
1067 2084 1111 2154 qui
1122 2084 1225 2154 primus

709 2171 769 2228 post
782 2173 887 2216 renatas
900 2163 988 2216 literas
1001 2164 1093 2232 poesin
1109 2161 1138 2216 in
1153 2162 1227 2235 Ger-

709 2241 799 2294 mania
813 2241 987 2309 instauravit,
1006 2261 1089 2296 manu
1107 2261 1154 2296 sna
1172 2242 1226 2296 ad-

708 2320 867 2391 scripsisset,
886 2322 1003 2392 reliquos
1020 2342 1065 2376 sex
1083 2323 1227 2378 Fastorum

709 2397 790 2451 libros
799 2399 897 2452 servari
910 2399 980 2469 apud
993 2401 1184 2473 Presbyterum
1195 2402 1226 2454 in

709 2495 776 2546 pago
782 2496 864 2546 prope
872 2478 999 2544 Ulmam,
1009 2479 1224 2550 principiumque

708 2553 814 2624 septimi
826 2553 886 2608 libri
899 2555 927 2607 in
939 2555 984 2608 illo
996 2554 1086 2608 codiee
1099 2557 1150 2610 tale
1161 2576 1227 2610 exa-

709 2643 796 2685 ratum
808 2631 887 2686 luisse
900 2651 907 2685 :
924 2654 938 2679 «
953 2632 997 2685 Tu
1009 2652 1115 2702 quoque
1126 2633 1225 2687 mutati

709 2731 724 2757 n
736 2730 825 2764 causas
835 2721 862 2763 et
872 2711 982 2763 nomina
993 2710 1091 2764 mensis
1105 2710 1129 2764 A
1140 2722 1166 2765 te
1175 2711 1223 2780 qui

709 2809 725 2837 ι
734 2791 869 2859 sequitur,
879 2790 993 2844 maxime
1002 2792 1100 2858 (ΖΜ,
1111 2789 1201 2844 babes.
1208 2812 1224 2838 ι·

709 2869 764 2924 Sed
772 2880 802 2923 nt
810 2869 896 2923 dicam
904 2869 1020 2938 ingenue
1030 2869 1103 2939 quod
1115 2890 1158 2924 res
1166 2881 1223 2938 est,

709 2948 805 3016 opinor
816 2946 921 3000 Celtem
933 2947 1086 3002 Protacium
1097 2967 1152 3001 non
1166 2957 1224 3001 tarn

709 3025 854 3096 decepisse,
863 3047 943 3095 qnam
952 3027 1032 3080 fuisse
1041 3027 1181 3097 dereptum
1189 3029 1223 3081 ab

709 3103 774 3171 aliis,
783 3104 827 3173 qui
838 3105 922 3157 visum
930 3105 978 3158 sibi
985 3115 1064 3173 atque
1072 3106 1222 3175 inspectum

708 3181 781 3236 liunc
803 3181 922 3236 codicem
944 3183 1124 3236 adfirmarent.
1151 3184 1223 3236 Nam

147 3263 294 3324 Krebsius;
309 3263 356 3318 sed
373 3265 497 3337 Heynins
514 3263 545 3316 ad
563 3265 659 3334 Virgi-
709 3259 860 3312 Lactantius
875 3259 901 3311 in
920 3259 980 3312 niv.
999 3261 1082 3314 lnstit.
1101 3261 1221 3315 Priscia-

146 3341 230 3408 lium,
252 3341 316 3394 AEn.
330 3343 362 3407 l,
379 3344 443 3410 447,
459 3343 486 3394 in
503 3360 573 3394 vare.
589 3342 659 3396 lectt.
708 3353 759 3388 mus
775 3335 803 3387 in
820 3335 1014 3402 Grammatica,
1032 3337 1127 3407 aliique
1139 3350 1221 3392 vete—

146 3424 204 3492 lyra
213 3425 319 3488 pulsare
333 3421 415 3489 magis
427 3420 527 3488 poetice
541 3419 590 3473 dici
604 3439 659 3489 pu-
708 3431 787 3480 rum,
804 3433 887 3482 quum
900 3416 988 3484 plures
1003 3415 1075 3471 locos
1089 3437 1120 3468 ex
1138 3415 1222 3471 Fastis

147 3509 202 3564 tat,
214 3517 293 3567 quam
304 3503 392 3569 lyram,
403 3496 538 3552 Ceterum
548 3498 575 3552 in
585 3497 659 3552 MSS
709 3491 866 3545 Nasonianis
883 3492 1020 3561 proferant
1035 3494 1062 3546 in
1082 3493 1219 3562 medium,

149 3577 260 3643 Ursini,
271 3575 376 3630 duobus
386 3576 531 3640 Patavinis,
544 3595 598 3628 uno
607 3577 661 3628 Va·
709 3587 740 3621 ‘¹
751 3569 823 3623 libris
832 3581 921 3624 tumen
928 3591 972 3625 sex
981 3571 1168 3640 posterioribus
1176 3570 1223 3624 de-

147 3654 238 3708 ticano
253 3663 331 3722 atque
345 3651 509 3706 Francofurt.
528 3653 660 3722 subjuncti
711 3649 820 3717 perditis
830 3650 895 3702 nihil
906 3669 1010 3727 prorsus
1018 3649 1180 3718 producunt,
1190 3659 1222 3702 ut

146 3730 276 3801 leguntur
293 3749 383 3784 versus
402 3731 429 3783 bi
450 3741 582 3798 quatuor:
600 3752 612 3774 «
631 3729 660 3781 Si
709 3736 812 3778 certum
823 3729 871 3793 sit,
883 3730 993 3780 alteram
1002 3727 1081 3796 hujus
1093 3727 1222 3796 poematis

149 3829 163 3852 u
177 3825 263 3859 novus
281 3825 295 3858 e
310 3807 372 3858 Jani
387 3805 465 3860 sacris
476 3802 661 3857 numerabitur
709 3815 812 3873 partem
828 3808 882 3874 jam
899 3817 960 3860 ante
975 3806 1069 3862 mula
1085 3807 1222 3875 complura

149 3907 163 3933 n
177 3903 279 3954 annus,
293 3883 421 3953 Quintilis
432 3882 495 3936 salso
507 3881 616 3935 nomine
625 3880 661 3934 di·
709 3885 881 3942 intercidissc.
893 3887 994 3941 Herus.

511 4103 617 4152 1⁹1le
647 4103 864 4152 PASTORW.
