3025 5009
301 475 370 544 510
691 467 986 540 EXCURSUS

299 608 404 686 larem
421 611 595 712 ponimus,
614 607 655 682 de
670 607 836 682 mensium
850 634 991 681 numero
1003 623 1039 680 et
1053 605 1181 682 ratione
1197 605 1377 683 difficultas

299 729 418 802 oritur.
862 739 867 748 '

347 848 392 921 ll.
410 845 515 919 Fuere
529 844 597 946 jam
612 842 700 916 inter
716 860 860 931 veteres,
877 842 936 944 qui
955 869 1086 917 omnem
1098 839 1185 915 banc
1203 841 1244 916 de
1263 841 1376 916 decem

298 965 469 1041 mensibus
493 962 614 1037 lamam
637 979 821 1058 negarent,
839 947 1030 1035 et'uouuisi
1049 987 1090 1033 ex
1111 960 1376 1062 antiquariorum

299 1080 618 1183 conjectationibus,
646 1077 737 1181 quod
761 1076 945 1175 Quinctilis
972 1093 1007 1152 et
1037 1075 1171 1152 Sextilis
1198 1105 1377 1151 anumero
1444 1130 1450 1138 -

299 1199 381 1273 dicti
397 1217 529 1287 esseut,
554 1213 661 1270 ortam
681 1221 752 1270 esse
771 1194 966 1269 scriberent.
980 1196 1032 1268 lta
1047 1193 1197 1268 Licinius
1214 1195 1329 1269 Macer
1343 1212 1378 1268 et

298 1313 485 1388 Fenestella
499 1310 589 1414 apud
606 1311 703 1385 Ceus.
718 1366 728 1400 ,
742 1328 804 1386 ete
816 1328 939 1384 recent.
956 1307 1077 1406 Scalig.
1093 1309 1220 1383 emend.
1235 1326 1374 1412 tempor.

303 1432 360 1520 ll,
379 1457 413 1532 p.
438 1453 527 1530 172,
546 1426 693 1527 ejusdem
703 1426 874 1500 sententie
884 1454 919 1501 se
932 1443 1113 1528 patronum
1124 1424 1259 1500 obtulit
1278 1428 1378 1500 Eam·

168 1617 175 1641 ,
302 1546 376 1620 dem
394 1545 461 1619 lere
481 1543 584 1645 paulo
603 1561 713 1617 nmen
735 1543 943 1617 immutatam
969 1540 1181 1644 amplectitur
1207 1541 1375 1618 Plutarch.

304 1665 461 1760 (Numa,
478 1661 616 1748 XVIII,
635 1664 663 1754 §.
688 1687 702 1733 1
721 1677 754 1734 et
769 1660 832 1758 2),
851 1658 1026 1734 duodecim
1041 1687 1171 1736 meuses
1194 1661 1376 1762 accipiens,

302 1806 448 1882 quorum
460 1777 607 1878 primum
624 1773 737 1850 locum
753 1773 919 1863 Martius,
943 1775 1155 1851 undecimum
1172 1795 1205 1852 et
1219 1778 1377 1853 duodeci-

299 1924 391 1969 mum
400 1893 581 1970 Ianuarius
592 1909 625 1966 et
634 1891 836 1966 Februarius
847 1910 1049 1994 occuparent
1060 1921 1068 1981 ;
1080 1893 1127 1966 ita
1140 1911 1250 1969 tamen
1263 1894 1377 1996 quoad

302 2013 430 2088 dierum
446 2011 598 2086 ordinem
615 2009 814 2111 dispositos,
832 2026 873 2083 ut
887 2009 953 2082 sibi
969 2009 1113 2110 impares
1128 2009 1213 2085 alius
1229 2037 1272 2084 ue
1288 2010 1377 2085 vioe-

301 2159 365 2206 nos
383 2130 537 2231 quidem,
554 2125 640 2201 alius
659 2124 744 2200 ultra
764 2125 901 2221 triginta
917 2143 1064 2226 quatuor
1079 2126 1150 2202 dies
1165 2126 1324 2217 baberet;
1341 2130 1376 2202 iu

302 2274 372 2348 quo
391 2243 510 2317 ordine
530 2241 597 2315 boc
614 2265 719 2314 unum
735 2256 958 2342 spectaretur,
980 2259 1020 2314 ut
1034 2268 1142 2317 annus
1159 2240 1232 2316 360
1248 2242 1376 2317 dierum

302 2361 465 2436 existeret.
490 2401 530 2416 -
551 2357 619 2433 Sed
641 2356 704 2430 bac
721 2357 820 2431 etiam
837 2356 967 2431 ratione
985 2376 1142 2433 constans
1165 2357 1302 2462 reliqua
1316 2389 1377 2435 an·

302 2477 470 2580 tiquitatis
488 2477 573 2552 sama
589 2473 791 2574 negligitur,
810 2491 845 2549 et
869 2474 930 2548 viae
951 2475 1135 2576 querende
1160 2494 1272 2566 erant,
1293 2506 1379 2579 quo-

302 2593 407 2668 modo
418 2593 530 2666 decem
539 2619 668 2668 meuses
681 2592 716 2665 in
728 2619 818 2668 anuo
830 2589 933 2693 pleno
945 2589 1046 2665 solari
1061 2590 1216 2693 explicari
1228 2610 1375 2694 possent.

353 2709 414 2782 Ill.
436 2710 469 2780 A
487 2704 667 2780 Plutarcho
685 2706 789 2802 igitur
805 2705 926 2780 ductus
948 2705 1104 2781 Petavius
1121 2733 1244 2781 annum
1260 2707 1380 2807 accipit

302 2824 476 2900 mensibus
491 2822 676 2924 imparibus
692 2822 906 2911 distinctum,
926 2823 984 2898 sed
999 2823 1112 2909 decem
1128 2825 1378 2910 tautummodo,

302 2945 349 3018 ito
366 2959 401 3017 ut
419 2940 510 3016 modo
528 2942 695 3044 longiores,
727 2941 820 3016 modo
840 2942 1010 3027 beveres,
1033 2960 1143 3016 tamen
1157 2942 1286 3041 justum
1301 2943 1379 3016 anui

304 3061 449 3163 spatium
464 3057 657 3162 implerent;
670 3074 705 3134 et
715 3057 784 3133 fere
795 3057 946 3134 similiter
955 3057 1063 3133 Illust.
1076 3059 1231 3138 Bredow.
1247 3059 1311 3134 loc.
1322 3061 1377 3135 eit.

305 3176 590 3253 sentituumerum
604 3175 747 3264 denum,
769 3193 927 3278 tanquam
939 3175 1102 3252 Romanis
1114 3185 1149 3251 'et
1160 3175 1242 3250 alibi
1258 3175 1380 3251 solem·

305 3321 401 3382 uem,
418 3293 461 3367 ad
482 3293 568 3368 banc
593 3291 672 3366 anni
699 3291 899 3368 divisionem
917 3293 1082 3368 indecem
1099 3312 1228 3396 partes,
1252 3325 1272 3370 a
1293 3295 1380 3370 lune

306 3427 401 3484 motu
418 3408 541 3486 alienas
550 3465 560 3499 ,
569 3409 626 3484 sed
622 3409 697 3510 sere
707 3439 870 3512 suppares,
883 3411 1073 3486 adhibitum
1081 3439 1162 3487 esse.
1177 3413 1308 3488 Laudat
1322 3415 1381 3487 Vir

308 3526 358 3602 Cl.
375 3524 459 3602 elios
472 3525 570 3600 etiam
582 3523 729 3628 populos
745 3526 884 3626 (confer
899 3527 998 3603 etiam
1014 3531 1154 3606 Putean.
1175 3531 1215 3605 de
1230 3532 1381 3607 bissexto

309 3641 659 3732 Graec.'lt1es.Vlll,
685 3641 802 3745 457),
823 3645 882 3746 qui
906 3674 1028 3720 aunum
1051 3646 1192 3722 solarem
1214 3649 1250 3722 iu
1271 3666 1381 3752 partes

308 3764 411 3839 modo
428 3761 562 3866 plures,
579 3760 681 3838 modo
696 3763 886 3864 pauciores,
904 3762 1007 3838 libere
1018 3783 1160 3839 tamena
1177 3765 1264 3840 luuae
1281 3795 1382 3841 eursu

310 3881 503 3956 distinctum
520 3878 702 3970 habereut,
721 3909 751 3952 v.
778 3908 805 3952 c.
825 3879 1034 3970 Mexicauos,
1053 3881 1112 3984 qui
1133 3911 1257 3958 annum
1274 3883 1310 3956 iu
1339 3881 1381 3953 18

311 4016 421 4098 partes
432 3998 481 4072 ita
495 3995 694 4086 diviserant,
711 4013 750 4070 ut
763 3996 886 4098 qamvis
901 4024 979 4099 pars
992 4023 1039 4071 20
1055 3997 1126 4073 dies
1138 3999 1292 4092 baberet,
1311 3997 1333 4071 5
1347 3999 1380 4070 in

312 4129 384 4186 toto
401 4142 487 4188 anno
505 4105 732 4216 superessent,
750 4131 784 4188 et
797 4112 902 4188 Indos
919 4112 1040 4212 (Curt.
1055 4115 1156 4202 VIII,
1172 4113 1238 4214 9),
1257 4113 1317 4240 ‹pui
1334 4110 1380 4206 24

311 4227 388 4304 euni
397 4246 508 4329 partes
517 4230 841 4334 habebant:quibns
849 4230 969 4307 addere
978 4231 1377 4326 liceatKamcbatkauos,
