3025 5009
460 476 758 547 resnonon
787 478 886 545 mn.
909 480 939 544 1.
1197 504 1234 571 71

217 619 277 693 vix
291 620 370 718 juga
383 618 567 695 movissent
585 614 732 721 quinque
747 619 804 694 bis
819 617 903 693 illud
923 647 1020 721 opus.
1043 636 1046 640 ’

171 734 291 808 Nititur
307 736 362 809 bic
378 736 545 823 humeris,
564 734 679 811 celum
698 762 833 837 quoqne
850 736 980 810 sederat
995 734 1084 823 illis,

1187 758 1236 809 565

211 854 256 924 Et
271 865 401 928 vastum
419 871 515 927 motu
531 848 762 931 collabefactat
776 879 872 928 onns.

169 967 263 1064 Quod
283 969 384 1042 simul
402 970 551 1043 evulsum
568 987 641 1057 est,
659 970 773 1065 fragor
788 971 910 1044 athera
926 971 1045 1044 terruit
1059 970 1192 1071 ipsnm;

210 1086 345 1185 lctaque
363 1085 519 1160 subsedit
535 1086 685 1187 pondere
702 1085 803 1159 molis
819 1086 953 1160 humus.

167 1200 271 1277 Prima
288 1220 402 1279 movet
419 1206 527 1279 Cacus
545 1203 665 1279 collata
683 1203 797 1305 prelia
812 1204 946 1293 destra;

209 1320 363 1419 Remqne
380 1319 473 1394 ferox
491 1322 579 1395 saxis
596 1321 840 1425 stipitibusque
858 1323 953 1418 gerit.
1052 1402 1056 1407 ,

1191 1342 1242 1415 570

167 1432 251 1529 Quis
267 1435 331 1509 ubi
348 1436 397 1509 nil
414 1438 545 1532 agitur3
564 1437 689 1537 patrias
704 1437 901 1513 malefortis
918 1439 960 1513 ad
974 1456 1064 1515 artes

210 1550 395 1647 Confugit,
411 1571 445 1627 et
460 1554 608 1628 flammas
624 1582 681 1629 ore
699 1574 844 1630 sonante
860 1556 976 1630 vomit.

166 1666 257 1764 Quas
275 1669 410 1769 quoties
425 1668 565 1770 prodat,
584 1671 709 1771 spirare
725 1673 888 1775 Typhoea
905 1674 1037 1763 credas,

208 1784 253 1855 Et
270 1784 427 1885 rapidum
441 1786 574 1863 AEtnaeo
591 1786 705 1883 fulgur
718 1788 761 1861 ab
778 1789 855 1883 igne
870 1788 944 1887 jaci.

165 1898 317 2001 Occupat
332 1900 487 1989 Alcides,
505 1901 714 2005 adductaque
731 1902 822 1979 clava
838 1905 982 1978 trinodis

1192 1922 1241 1994 575

207 2016 276 2089 Ter
292 2034 409 2118 quater
425 2017 555 2093 adversi
573 2018 660 2094 sedit
675 2020 711 2093 in
728 2048 786 2095 ore
800 2021 872 2095 viri.
954 2042 963 2053 ‘

166 2217 306 2287 t's'aejugn,
319 2226 370 2271 etc.
384 2216 451 2271 lude
465 2219 535 2272 vires
550 2216 613 2273 Caci
627 2220 677 2273 in-

161 2294 325 2365 telliguntur.
333 2292 437 2348 Confer
449 2295 490 2349 tlt
501 2296 613 2349 Metam.
625 2298 675 2362 bs,

162 2382 186 2425 et
203 2390 264 2441 qna
280 2372 318 2425 ibi
336 2373 495 2427 notavimus.
515 2374 676 2445 Magnitudo

161 2454 245 2522 operis
260 2454 342 2507 etism
357 2472 393 2506 vs.
412 2453 475 2523 557,
495 2472 541 2523 sq,
563 2455 677 2523 graviter

162 2531 326 2597 declaratum
338 2532 375 2585 ita
393 2530 466 2585 enim
486 2532 524 2585 ris
543 2532 676 2586 Herculea

162 2610 292 2665 illucescit.

191 2690 248 2744 555.
263 2687 412 2743 Certamen
425 2688 530 2758 ipsum,
541 2688 611 2758 qnod
621 2685 676 2757 plu-

160 2768 230 2823 ribus
241 2768 379 2839 descripsit
392 2768 465 2839 Virg.
474 2768 536 2821 inde
547 2788 561 2821 a
571 2785 607 2822 vs.
618 2768 675 2821 230.

161 2848 220 2902 Non
231 2848 313 2901 facilis
325 2848 361 2900 ibi
373 2846 483 2901 Herculi
494 2847 583 2900 labor:
594 2868 608 2893 s
620 2846 676 2900 Ter

161 2950 173 2974 s
183 2948 258 2983 saxea
268 2935 355 2982 tentat
364 2928 468 2981 Limina
476 2926 658 2997 nequidquam
668 2946 674 2979 ι

163 3022 228 3065 »ter
242 3010 326 3064 fessus
345 3008 411 3063 valle
428 3008 559 3062 resedit.»
578 3006 677 3063 Noster

162 3086 264 3157 dignius
279 3088 426 3141 Herculem
441 3084 677 3155 descripsit-Ilu-

162 3172 233 3218 mers's
244 3170 334 3219 calum
344 3165 480 3235 portabat,
490 3182 572 3233 quum
583 3162 678 3216 Atlan-

162 3255 214 3297 tem
221 3242 254 3297 ad
263 3242 333 3297 mala
344 3242 524 3313 Hesperidum
537 3252 676 3311 apportan-

162 3320 193 3375 ds
201 3322 321 3377 misisset.
329 3321 398 3375 Vide
407 3321 438 3375 ad
449 3322 489 3376 lX
498 3322 610 3374 Metam.
622 3322 676 3393 198.

160 3400 296 3461 aledea,
305 3400 383 3453 simul
392 3398 524 3453 lirmitatis
535 3396 675 3451 notionem

162 3480 245 3533 inesse
264 3488 348 3550 putes.
367 3480 485 3546 Plinius,
508 3480 619 3545 Pamx,
638 3478 675 3543 ὃς

162 3580 175 3605 s
188 3576 270 3628 qnam
286 3559 355 3613 bene
369 3558 487 3613 humeris
500 3557 551 3611 tuis
568 3557 673 3612 sederet

162 3660 175 3683 ι
186 3637 332 3707 imperium
340 3660 353 3683 υ
365 3677 372 3704 ,
385 3638 430 3691 ubi
439 3636 491 3689 rid.
504 3634 637 3690 Schwars.
649 3646 677 3690 et

163 3736 218 3770 nos.
227 3714 368 3772 Claudiam.
382 3716 459 3787 napi.
469 3717 543 3769 Pros.
550 3715 621 3786 praes.
631 3718 677 3786 47:

165 3818 177 3843 s
191 3796 308 3851 Firmior
324 3796 457 3851 Hercules
475 3795 592 3849 mundus
612 3815 676 3849 cer-

164 3896 177 3921 s
190 3876 245 3929 vice
257 3874 391 3945 pependit.
402 3876 591 3928 u-Ernlsssn.
605 3874 677 3927 Nea·

165 3956 214 4025 pol
224 3960 340 4009 avulsum
352 3956 442 4022 malit,
455 3956 516 4025 quia
525 3955 602 4025 Virg.
614 3956 675 4027 ²37²

165 4058 178 4081 s
191 4034 292 4089 Dexter
304 4037 331 4089 in
350 4035 489 4089 adversum
506 4034 594 4089 nitens
606 4052 677 4087 con-

167 4134 179 4158 ·
190 4114 283 4181 cussit,
296 4125 322 4168 et
337 4113 396 4168 imis
407 4113 532 4168 Avulsam
544 4113 621 4167 solvit
633 4132 678 4165 rs·

725 2224 806 2273 sr'mul
821 2222 912 2273 avulso
934 2220 987 2273 sive
1006 2238 1112 2280 averso,
1137 2230 1182 2276 aut
1200 2226 1246 2273 cus'

724 2303 809 2352 ss'asl.
832 2300 926 2352 Burni.
941 2298 1014 2352 addit
1030 2302 1111 2351 setun!
1124 2300 1242 2352 construi

726 2394 788 2429 cum
798 2375 1058 2431 ablatione-[Etim
1065 2378 1159 2428 terruit
1167 2375 1242 2445 l'irg.

727 2454 890 2525 «impulsu,
914 2472 968 2522 quo
985 2452 1115 2506 maximus
1136 2453 1242 2507 insonat

728 2552 741 2579 s
755 2531 845 2585 estber.
856 2552 870 2577 ι
883 2530 937 2585 Sed
945 2538 1034 2585 terruit
1043 2531 1146 2601 gravius
1152 2531 1242 2584 etiam.

760 2612 818 2684 ssu
829 2612 1020 2679 Moretproels'a.
1027 2608 1144 2683 Dionys.
1155 2615 1244 2687 Tpe'n-
1256 2604 1265 2613 ’

725 2715 765 2745 ται
783 2696 834 2766 rpo's
849 2692 927 2752 silei-a.
943 2692 1162 2758 -dlalesstrls's,
1185 2708 1242 2741 non
1327 2751 1329 2754 Ι

724 2769 814 2836 sortis,
829 2772 871 2827 lV
880 2770 1201 2825 Metam›285.-Pa!n'as
1206 2772 1246 2821 ad

725 2858 794 2901 artes
810 2848 890 2901 babet
901 2868 916 2901 a
929 2850 1006 2919 virg.
1019 2870 1033 2894 s
1046 2848 1114 2901 illius
1132 2850 1246 2901 Vulcani

727 2931 835 2993 epatris
854 2938 924 2980 atros
944 2925 1001 2980 Ore
1019 2944 1130 2979 vomens
1150 2926 1240 2995 ignes,

727 3026 740 3051 υ
753 3002 850 3073 magna
859 3024 887 3057 se
897 3004 967 3057 mole
979 3002 1090 3057 serebat.
1105 3025 1119 3050 ν
1130 3002 1203 3056 'l'um
1213 3003 1242 3056 in

725 3084 876 3154 pugnaipsa
884 3104 951 3137 vers.
963 3088 1011 3138 252
1019 3102 1046 3135 t«
1056 3082 1186 3137 Faucibus
1198 3083 1243 3136 in-

726 3170 863 3231 »gentem
878 3161 1002 3226 sumum,
1017 3159 1137 3214 mirabile
1151 3160 1242 3227 dictu,

726 3258 741 3285 υ
755 3238 881 3307 Eromit,
895 3239 1056 3308 involvitque
1071 3238 1183 3291 domurn
1198 3258 1244 3292 ea-

726 3339 741 3366 »
753 3318 834 3389 ligine
843 3338 927 3386 eseca,
941 3319 1115 3387 Prospectum
1128 3318 1243 3388 eripiens

727 3420 741 3447 υ
756 3398 838 3459 oculis
848 3408 897 3451 etc.
908 3420 921 3444 n
931 3395 974 3449 De
991 3398 1109 3468 Typhoeo
1122 3395 1182 3449 vide
1198 3396 1241 3450 lll

726 3475 840 3529 Metam.
848 3475 911 3539 3033
921 3475 956 3540 V,
965 3475 1029 3542 3463
1040 3473 1111 3527 unde
1119 3484 1243 3545 apparet,

725 3554 775 3611 bac
797 3556 995 3626 comparatione
1013 3555 1074 3610 satis
1096 3554 1243 3609 terribilem

725 3636 813 3689 notari
829 3635 1097 3689 Cacum-Adducta
1108 3638 1199 3695 claua,
1212 3645 1243 3688 ut

726 3717 768 3770 lv
784 3716 865 3770 Trist.
884 3732 927 3782 st,
949 3720 986 3783 5,
1005 3718 1119 3768 adducta
1138 3720 1243 3772 securis,

726 3794 796 3848 vide
814 3794 950 3848 Drakenb.
967 3792 1000 3846 ad
1018 3792 1064 3847 Sil.
1078 3793 1108 3860 l,
1125 3792 1182 3860 334.
1198 3792 1242 3848 De

726 3875 935 3942 tormentis,qnae
943 3871 1131 3939 intenduntur,
1139 3870 1243 3943 legatur

726 3950 784 4005 Cic.
790 3952 869 4005 Tusc.
878 3950 921 4017 ll,
931 3952 969 4016 ab„
979 3950 1003 4003 A
1012 3950 1086 4019 virg.
1097 3968 1160 4016 sao,
1169 3950 1242 4003 clava

725 4030 769 4084 illa
778 4032 854 4083 nodis
861 4039 993 4096 gravatum
1001 4030 1244 4082 redarmatur.-

725 4110 798 4161 Sede't
805 4112 834 4160 s'n
844 4127 899 4170 ore,
913 4106 1012 4162 indicta
1021 4118 1062 4161 est
1072 4107 1121 4160 ori.
1131 4104 1173 4160 De
1184 4106 1243 4160 telis

168 4214 180 4237 ι
193 4192 301 4246 ditibus.
315 4215 328 4239 ι
345 4192 380 4247 Et
391 4194 452 4263 qnia
464 4200 505 4246 es!
516 4210 529 4245 s
541 4190 599 4245 cod.
611 4210 677 4245 non·
725 4204 821 4255 corpus
838 4186 1038 4256 penetrantibus
1052 4203 1121 4257 sepe
1138 4184 1245 4257 legitur.

167 4270 243 4326 nullis
254 4270 325 4327 abest
339 4312 347 4341 ,
362 4270 488 4326 Heinsius
498 4268 606 4339 suadet,
623 4272 679 4338 Quo
728 4270 887 4323 —Adrersa
894 4309 902 4335 ,
922 4285 981 4338 que
992 4268 1051 4337 quis
1062 4266 1110 4322 sibi
1124 4264 1245 4337 opposita
