3025 5009
310 478 376 543 300
588 480 629 545 P.
659 480 839 549 ovlon
868 478 1103 549 NASONIS

256 602 260 610 ’
310 615 378 688 Vix
394 616 547 716 equidem
564 618 664 693 credo
681 648 689 693 :
705 638 785 695 sunt
802 621 860 721 qui
877 620 1089 695 Phaethonta
1104 620 1217 694 referri

361 735 523 824 Credant,
541 755 576 811 et
591 738 711 813 nimias
728 738 944 813 Deucalionis
961 768 1074 840 aquas.

312 848 395 923 Pars
413 878 571 951 quoque,
590 881 694 952 quum
710 854 799 927 saxis
815 872 966 953 pastores
982 881 1059 928 saxa
1072 852 1238 943 serihant,
1338 874 1383 947 70⁶

361 964 546 1039 Scintillam
563 968 678 1043 subito
692 969 891 1070 prosiluisse
906 970 1039 1042 ferunt:

314 1078 426 1153 Prima
443 1081 579 1181 quidem
595 1082 713 1183 periit3
729 1084 865 1187 stipulis
880 1106 1017 1185 excepta
1035 1082 1178 1159 secunda
1195 1101 1269 1158 est:

364 1197 439 1269 Hoc
457 1201 644 1294 argumenti
663 1201 792 1277 llamrna
811 1200 927 1277 Palilis
942 1202 1055 1276 habet.

314 1313 370 1387 An
385 1316 492 1412 magis
508 1316 600 1394 hunc
615 1348 743 1395 morem
762 1321 869 1421 pietas
886 1322 1004 1395 AEneia
1021 1320 1119 1409 lecit,

365 1432 552 1507 Innocuum
570 1435 658 1509 victo
677 1438 732 1511 cni
747 1436 841 1511 dedit
860 1438 948 1534 ignis
966 1438 1056 1511 iter?
1343 1460 1391 1512 too

317 1544 394 1617 Hoc
414 1563 522 1621 tamen
539 1566 591 1623 est
606 1577 685 1625 vero
701 1552 861 1653 propius,
881 1580 985 1652 quum
1003 1551 1136 1625 condita
1155 1552 1348 1637 Romaest,

365 1660 555 1736 Transferri
567 1662 680 1762 jussos
695 1665 729 1738 in
747 1694 833 1740 nova
851 1683 938 1741 tecta
954 1668 1055 1741 Lares
1071 1694 1079 1739 ε
1098 1666 1102 1675 '

318 1774 560 1878 Mutantesque
578 1776 715 1851 domurn
732 1779 828 1853 tectis
845 1778 1055 1875 agrestibus,
1071 1778 1183 1874 ignem

368 1890 415 1963 Et
431 1908 606 1965 cessatura
619 1894 839 1994 supposuisse
852 1922 932 1969 casae
946 1924 955 1980 ;

320 2008 385 2080 Per
401 2006 550 2084 flammas
565 2010 704 2086 saluisse
721 2040 845 2113 pecus;
864 2010 1001 2087 saluisse
1015 2009 1176 2098 colonos;
1348 2028 1395 2085 805

314 2207 368 2275 jux
380 2218 406 2261 et
414 2210 525 2265 maritus
532 2231 628 2281 aquam
639 2224 666 2267 et
674 2214 764 2285 ignem
777 2225 839 2267 tan-
886 2224 947 2281 tur,
964 2213 1044 2266 etiam
1063 2220 1179 2281 pastores
1194 2209 1252 2264 illos
1267 2209 1340 2264 idem
1355 2210 1395 2263 se-

321 2286 435 2354 peliant,
458 2290 518 2359 quia
536 2293 683 2345 secundum
704 2293 839 2347 Plutarch.
886 2291 949 2345 cisse
962 2312 969 2355 ς
983 2299 1129 2359 potuerunt
1145 2288 1218 2341 enim
1232 2306 1294 2343 casu
1310 2288 1397 2341 lusure

323 2362 424 2430 Quest.
436 2366 516 2419 Rom.
531 2388 561 2434 1,
582 2368 623 2423 his
633 2370 737 2425 duobus
749 2371 840 2425 omnia
879 2368 961 2437 Jerr're
971 2386 1029 2421 sare
1041 2366 1254 2433 saxis-Stipant
1265 2363 1399 2435 prosemi-

322 2444 393 2511 gigni
404 2444 590 2502 credebantur.
599 2449 675 2503 Adde
688 2452 840 2504 Varronem
888 2459 929 2511 tet
944 2446 1052 2500 AEneid.
1070 2446 1102 2513 l,
1120 2448 1166 2514 174
1176 2465 1184 2498 ι
1196 2466 1209 2491 n
1221 2444 1286 2498 silici
1302 2442 1401 2498 scintil-

322 2520 356 2574 de
369 2521 446 2594 Ling.
458 2524 516 2580 Lat.
528 2527 589 2595 tv,
603 2547 641 2580 ιο.
889 2548 903 2574 n
916 2527 970 2579 lam
978 2524 1082 2579 excudit
1090 2523 1219 2591 Achates,
1229 2521 1402 2593 suscepitque

358 2602 414 2675 793.
422 2601 514 2659 Verba
521 2612 567 2659 vix
574 2611 684 2676 equidem
691 2611 765 2662 credo
774 2608 842 2661 Len·
890 2626 904 2653 »ι
917 2605 1007 2674 ignem
1020 2602 1105 2671 soliis,
1125 2613 1203 2672 atque
1217 2602 1290 2656 arida
1303 2602 1402 2655 mecum

324 2681 379 2735 sius
391 2693 419 2735 et
430 2684 541 2755 interpr.
553 2686 658 2755 gallicus
668 2686 700 2739 ad
712 2706 776 2756 seqq
792 2706 841 2740 re-
890 2705 904 2731 »
918 2684 1090 2737 Nutriments
1106 2680 1198 2749 dedit,
1216 2682 1357 2752 rapuitque
1376 2680 1403 2731 in

325 2758 430 2826 ferunt3
439 2761 565 2830 equidem
574 2762 842 2817 adantecedentiare-
891 2782 905 2809 s
917 2759 1011 2814 fomite
1022 2758 1168 2813 flammam.
1183 2780 1196 2805 n
1205 2786 1239 2799 ·-
1249 2759 1309 2811 Hoc
1323 2774 1404 2823 erps-

325 2837 589 2907 ser0,eiqneratioui
597 2841 843 2909 interpunctionem
891 2844 971 2893 ments*
985 2841 1074 2903 dubet,
1094 2837 1146 2891 hoc
1164 2836 1277 2903 indicat,
1295 2833 1404 2889 hocsihi

326 2916 531 2969 accommodavi.
543 2945 577 2957 —
588 2916 700 2985 Referri,
715 2918 842 2987 exprimi,
890 2919 948 2973 vult
963 2939 969 2973 :
982 2920 1126 2986 argumenti
1139 2918 1238 2987 recepit
1253 2915 1405 2969 Heinsiuse

327 2993 488 3049 adumbrari.
500 3024 535 3037 -
546 2998 672 3059 Credant,
691 2996 752 3067 quia
770 2999 845 3051 credo
892 2998 945 3053 MS
960 2998 1097 3059 lunisano,
1112 2996 1211 3067 vulgo,
1228 3002 1405 3063 argueremur.

328 3072 462 3142 precedit,
471 3074 632 3129 Heinsiusin
641 3078 726 3138 edant,
735 3086 846 3143 autpm·
891 3106 925 3119 -
933 3080 1071 3131 Innocuam
1083 3085 1132 3129 etc.
1144 3092 1226 3143 quern
1239 3072 1306 3144 ignis
1319 3081 1405 3124 tutum

329 3154 407 3212 dant,
426 3161 472 3204 aut
484 3154 591 3206 tradant
604 3154 702 3207 mutari
712 3154 769 3207 vult
780 3175 787 3217 ;
798 3152 845 3207 sed
884 3176 919 3211 se
928 3156 1039 3211 transire
1048 3174 1137 3225 passus
1144 3164 1201 3218 est,
1213 3153 1260 3223 qui
1267 3149 1406 3205 incolumis

329 3226 389 3281 vide
400 3227 433 3281 id
449 3228 477 3295 l,
495 3232 597 3297 145·-
609 3230 705 3285 Eidem
725 3241 753 3284 et
769 3230 845 3284 Bur·
894 3256 941 3307 per
959 3234 1082 3289 incendia
1101 3233 1221 3302 Troiana
1240 3230 1303 3285 abiit
1319 3250 1326 3295 ς
1348 3226 1405 3281 vide

329 3325 431 3360 manno
447 3306 566 3377 displicet
577 3315 672 3363 nimias
685 3330 776 3379 aquas.
793 3310 847 3364 Hic
893 3332 971 3383 supra
980 3314 1013 3367 ad
1024 3332 1089 3368 vers.
1102 3312 1143 3385 37.
1152 3338 1187 3353 ·-
1195 3312 1257 3365 Non
1271 3307 1350 3363 rideo
1360 3325 1406 3361 eur

330 3404 395 3456 ergo
412 3386 506 3441 suadet
522 3394 648 3454 lamellas,
672 3391 715 3445 ille
734 3401 845 3453 wieres,
896 3394 1022 3449 Heinsius
1030 3392 1108 3447 cnr'in
1117 3410 1174 3454 ann
1181 3386 1406 3445 mutarivoluerit

332 3466 394 3535 qnia
405 3485 474 3521 unus
485 3466 568 3522 codex
576 3488 656 3522 meas.
669 3470 717 3522 Me
731 3488 796 3523 vero
806 3474 848 3521 ω’-
929 3474 986 3525 801.
995 3474 1054 3525 Hoc
1065 3482 1251 3525 tamenverum
1262 3488 1319 3523 esse
1327 3476 1406 3537 puto;

331 3550 388 3600 mie
406 3566 478 3614 aque
496 3547 608 3600 minime
631 3546 797 3613 offendunt,
817 3544 848 3599 iis
896 3552 990 3623 quibus
1008 3552 1094 3607 verbis
1114 3549 1251 3616 Ovidius,
1270 3558 1408 3619 postquam

332 3624 406 3677 enirn
418 3623 487 3678 bene
498 3622 627 3677 diluvium
636 3623 848 3678 Deucalioneum
897 3629 979 3684 multa
993 3628 1147 3683 dubitanter
1158 3625 1324 3697 protulerat,
1345 3635 1408 3677 tsn-

333 3704 489 3759 declaratur.
897 3706 960 3760 dem
973 3704 1071 3775 aliquid
1085 3704 1182 3759 certius
1196 3703 1326 3771 subjicere
1337 3700 1409 3753 vole-

370 3781 848 3855 795.Revocavifin‘bant(prosarie·
897 3781 1324 3850 bat3idemetKrebsiusprtelert
1333 3777 1410 3833 Multi

335 3863 417 3934 bant)
430 3862 501 3934 quod
514 3864 595 3917 etiarn
607 3862 718 3917 Lensius
728 3873 754 3916 et
766 3859 850 3915 Gese-
899 3862 973 3918 MSS
989 3865 1063 3917 Nunc
1082 3874 1181 3925 tamen,
1202 3860 1275 3914 unde
1287 3858 1411 3914 Heinsius

336 3942 396 3995 nius
402 3940 553 4009 praeferunt
561 3942 683 4010 Namque
690 3944 805 3993 terebant
811 3948 851 3991 est
899 3945 966 3997 Num
976 3952 1061 3995 tamen
1068 3940 1145 4007 fecit,
1156 3938 1228 4008 quod
1238 3938 1351 3991 Lensius
1358 3948 1412 3990 tue·

338 4038 394 4073 non
403 4018 455 4071 nisi
464 4038 480 4072 a
490 4030 573 4071 mann
581 4017 700 4084 Heinsii,
709 4017 770 4086 quia
777 4014 850 4069 MSS
899 4020 1110 4075 rue-Saluose
1117 4034 1165 4086 pro
1177 4012 1411 4069 salei'sselleinsirrs

338 4097 456 4167 plerique
462 4094 583 4163 serebant
590 4096 696 4150 habent.
707 4095 782 4163 Saepe
792 4092 852 4162 qul·
900 4098 1055 4154 auctoritate
1073 4108 1100 4151 et
1112 4094 1239 4150 Prisciani
1251 4093 1295 4147 lib.
1314 4093 1346 4159 1,
1356 4109 1410 4161 pap

337 4175 401 4229 dem
411 4178 521 4242 lapidem
531 4178 618 4242 lapide
630 4186 708 4228 terere
722 4172 793 4243 apud
805 4190 852 4225 ve·
901 4178 967 4250 908,
979 4174 1155 4231 cimeliorum
1167 4172 1243 4227 codd.
1251 4169 1411 4240 reposuit·-

340 4270 408 4312 teres
421 4258 533 4329 legitur,
552 4258 600 4312 sed
616 4257 678 4311 inde
693 4276 749 4311 non
763 4255 852 4325 sequi-
901 4256 965 4309 darn
974 4254 1086 4310 debebat
1095 4252 1199 4307 dicere:
1212 4247 1295 4317 Quod
1306 4246 1411 4301 stimme
