3025 5009
417 491 472 560 rs
496 491 680 560 ov1o11
704 488 932 560 roseos
1149 491 1216 588 ⁴7⁵

138 659 248 738 opus,
268 663 339 710 non
356 634 452 738 parvi
468 634 671 736 parandum,
692 662 764 709 non
784 633 828 708 ad
845 660 965 709 manus
983 651 1088 722 esset,
1105 634 1221 735 potios

136 762 305 864 specimen
336 758 506 862 quoddam
535 761 698 836 fastorum
732 759 822 834 inter
852 788 888 834 se
909 775 1221 861 comparatorume

96 941 97 944 =
134 916 263 976 mense,
286 886 346 988 qui
363 886 538 962 uberiores
551 903 650 962 notas
663 885 785 975 babet,
806 884 991 961 describere
1008 884 1111 960 volui.

185 1012 232 1085 ll.
258 1012 408 1085 Transeo
431 1026 541 1084 autem
564 1007 716 1084 adalind
740 1007 981 1111 qualecumque
1005 1006 1220 1096 subsidium,

137 1163 206 1236 quo
225 1133 267 1209 ad
284 1132 400 1209 Ovidii
428 1151 661 1230 argumentum
689 1151 800 1209 tamen
825 1133 980 1235 proxime
1005 1131 1215 1234 pertinente,

137 1257 266 1358 priores
277 1256 499 1360 interpretes,
515 1285 662 1358 quorum
672 1273 824 1358 tempore
837 1256 985 1332 tenebris
995 1255 1105 1330 adhuc
1116 1255 1222 1328 obru-

136 1398 210 1455 tum
221 1380 369 1479 jacebat,
386 1400 574 1456 caruerunt.
589 1381 733 1456 loannis
743 1379 911 1457 mmcd
920 1378 1223 1481 Philadelphiensis

131 1501 226 1610 quc'
238 1503 292 1578 aio
303 1501 505 1605 opusculum
522 1531 665 1601 mum
681 1503 722 1580 de
731 1505 928 1594 mensibus,
943 1503 1036 1606 quod
1053 1531 1071 1578 e
1087 1502 1223 1577 duobus

136 1627 234 1702 codd.
252 1626 426 1704 Barberin.
442 1646 476 1703 et
492 1629 600 1703 Vatic.
619 1649 700 1730 post
716 1629 887 1731 specimen
903 1627 1093 1705 exhibitum
1107 1625 1142 1699 in
1158 1626 1224 1700 Bi·

134 1749 282 1825 bliothclt.
303 1750 336 1824 d.
353 1751 528 1827 Litterutur
548 1783 578 1827 u.
598 1753 722 1828 Kumt.
750 1751 875 1840 Saldo,
905 1779 944 1854 7,
969 1750 1093 1852 Lipsiae
1117 1748 1225 1824 edidit

134 1876 210 1952 Nic.
230 1876 374 1966 Schow,
395 1877 483 1980 pros.
501 1877 724 1967 llauniensis‚
744 1878 849 1979 1794.
860 1878 974 1975 Quam
990 1874 1133 1951 maxime
1142 1903 1224 1972 gau·

138 1997 224 2088 deo,
249 1997 317 2098 jam
334 2000 465 2102 pridem
481 2000 642 2076 Lennium
659 2001 702 2074 V.
722 2001 761 2076 C.
780 2001 817 2074 in
832 1999 922 2075 libro
937 1998 1094 2087 laudato,
1112 1996 1166 2072 rel
1180 1996 1226 2071 ad

140 2122 312 2224 specimen
329 2120 434 2212 illud,
454 2123 547 2226 quod
562 2124 605 2200 ad
621 2125 688 2200 hoe
705 2141 940 2221 argumentum
956 2121 1112 2198 accedere
1126 2119 1227 2195 ride-

134 2247 219 2337 bat,
238 2245 386 2321 animum
405 2246 587 2324 attendisse
607 2247 747 2351 ejusque
763 2247 839 2324 loca
856 2275 932 2322 eum
949 2245 1075 2322 ovidio
1090 2272 1226 2346 compa·

136 2397 246 2460 rasse;
268 2367 370 2469 hujus
382 2387 493 2446 autem
506 2369 573 2444 loci
587 2369 802 2472 potissimum
817 2399 889 2447 esse
899 2369 1038 2472 putavi,
1053 2368 1227 2471 quomodo

136 2493 206 2568 hoc
236 2492 400 2594 scriptore
422 2493 459 2567 in
485 2493 611 2569 ovidio
632 2493 796 2569 utendum
820 2495 891 2582 sit,
911 2492 1029 2595 paucis
1052 2492 1224 2567 adnotare.

138 2614 367 2711 Congerithic
377 2614 481 2691 seculi
494 2617 579 2692 sexti
597 2615 796 2719 compilator
808 2615 995 2692 adversaria
1005 2644 1066 2690 sua
1080 2643 1098 2690 e
1110 2613 1226 2690 multis

137 2737 365 2841 scriptoribus
375 2738 553 2816 anteafere
565 2738 712 2837 ignotis,
727 2757 777 2829 et,
796 2738 952 2814 utmulta
961 2736 1079 2813 frivola
1086 2766 1227 2841 praeser-

138 2861 200 2962 tim
217 2862 289 2936 sine
307 2862 399 2936 omni
418 2862 536 2940 ordine
553 2891 630 2940 eum
648 2861 805 2939 exhibere
823 2891 922 2938 nemo
940 2861 1069 2936 inficias
1086 2879 1161 2951 eat,
1178 2863 1226 2937 ita

136 2985 264 3086 passim
282 2984 356 3062 loca
371 2987 439 3062 lroc
461 3006 692 3085 argumentum
714 2985 869 3090 praeclare
888 2985 1092 3062 illustrantia
1112 2987 1144 3060 ei
1167 2986 1226 3063 de·

137 3108 213 3184 beri
225 3109 473 3187 concedendum
486 3129 545 3188 est.
555 3113 605 3186 Ut
613 3111 687 3187 fieri
700 3107 788 3186 solet
796 3111 831 3190 in
841 3110 1225 3210 ejusmodibominibus,

139 3259 198 3319 ea,
221 3261 296 3335 que
313 3233 467 3335 ipsorum
484 3253 580 3324 sunt,
595 3232 798 3336 plerumque
814 3232 950 3336 quidem
962 3263 1046 3308 rana
1063 3251 1097 3309 et
1110 3234 1228 3337 inepta

138 3355 369 3458 reperiuntur,
383 3357 442 3432 sed
452 3374 626 3434 servarunt
638 3357 739 3432 uobis
749 3357 959 3460 optimorum
971 3354 1070 3433 etiam
1082 3356 1227 3459 scripto·

140 3506 234 3570 rum,
253 3507 341 3580 quos
352 3498 433 3556 tunc
447 3481 610 3583 temporis
621 3479 901 3558 manibusadhuc
912 3479 1081 3570 terebant,
1092 3496 1228 3556 senten-

140 3601 206 3678 tias
224 3620 258 3676 et
273 3600 370 3694 loca,
386 3621 426 3678 ut
443 3621 484 3678 ut
497 3603 667 3678 interdum
680 3602 821 3680 confiusa
830 3622 863 3678 et
876 3602 1029 3692 turbata,
1047 3603 1083 3676 in
1100 3603 1227 3704 quibus

141 3724 358 3826 expediendis
373 3725 465 3801 lraud
483 3755 560 3802 raro
581 3744 739 3802 nostrum
757 3753 897 3801 acumen
919 3741 1082 3801 exercent.
1100 3728 1143 3799 ln
1158 3724 1226 3800 hoe

140 3866 279 3939 nostro,
298 3844 390 3925 utin
408 3879 475 3952 quo
492 3849 577 3940 alio,
596 3868 692 3926 caute
708 3848 909 3924 versandum
924 3849 1006 3938 erit,
1020 3877 1127 3951 quum
1135 3848 1229 3924 baud

142 3970 238 4047 saeile
256 3972 379 4076 aliquis
396 3990 519 4062 exstet,
532 3972 654 4075 quires
668 3971 809 4049 maxime
824 3969 948 4048 alienas
956 3973 1063 4070 magis
1072 3973 1227 4064 misceat,

145 4113 180 4170 et
198 4124 416 4199 quecumque
433 4096 463 4172 ei
480 4097 569 4172 forte
586 4095 843 4188 succurrebant,
863 4096 934 4172 sine
948 4113 1037 4172 certa
1048 4096 1178 4171 ratione
1193 4113 1229 4171 et

143 4218 284 4294 consilio
300 4219 443 4320 jungat,
465 4221 513 4298 ita
537 4237 578 4296 ut
602 4237 695 4298 totus
716 4219 803 4296 liber
822 4219 939 4324 potios
965 4219 1229 4298 adversariorum
