3025 5009
265 379 333 448 506
660 378 951 450 EXCURSUS

264 547 365 621 supra
383 517 424 593 de
437 518 597 594 Perenna.
616 517 789 598 Virtutem
803 537 837 596 et
853 517 1085 595 fortitudinem
1099 519 1173 622 ipsa
1185 523 1236 599 ris
1251 525 1347 600 vocis

264 636 392 724 innuit,
410 665 484 739 quae
498 637 533 710 in
549 661 734 733 cognomen
752 636 987 726 Claudiorum,
1002 637 1128 713 sabina
1143 643 1268 736 gentis,
1283 642 1344 742 qui

261 785 281 830 a
297 753 494 830 fortitudine
510 758 662 832 Nerones
679 754 954 860 appellabantur,
980 755 1133 844 transiit;
1152 755 1238 832 aide.
1258 758 1351 832 Sue—

264 873 416 960 tunium,
440 872 553 948 Tiber.
578 901 592 946 1
615 904 624 948 :
643 876 733 949 Nero
751 874 858 973 mgna
872 871 1081 972 submofrrrtc's
1101 889 1133 946 et
1144 889 1293 947 strenuus.
1313 877 1344 946 E

263 988 379 1090 Lydo,
403 1018 438 1091 p.
461 988 529 1078 85,
553 991 701 1066 eamdem
719 993 836 1066 Rome
860 1019 936 1065 cum
961 991 1073 1066 Marte
1087 992 1210 1065 marito
1233 991 1345 1064 Tubi-

263 1104 373 1180 lustrii
388 1105 440 1180 die
450 1105 574 1182 cultam
587 1134 659 1184 esse
673 1106 923 1205 cognoscimus,
936 1107 999 1183 ubi
1013 1108 1164 1184 eamdem
1176 1109 1345 1209 interpre-

264 1221 424 1296 tationem
441 1221 564 1322 adjicit

313 1340 354 1412 ln
365 1339 632 1417 Tusculanorum
644 1340 866 1438 religionibus
883 1341 1077 1416 domesticis
1093 1339 1260 1440 praecipue
1274 1337 1347 1412 lau*

265 1455 364 1531 datur
376 1459 471 1532 Maia
486 1459 627 1558 (magna
641 1463 739 1560 Dm)
756 1489 830 1563 que
842 1459 996 1538 tellurem
1014 1458 1136 1534 Aeaee
1151 1458 1299 1544 videtur,
1314 1473 1348 1530 et

265 1570 412 1650 llulcani
423 1603 510 1649 uxor
521 1575 653 1652 dicitur.
665 1580 768 1652 Forte
778 1595 813 1651 et
823 1576 955 1665 Maius,
966 1575 1081 1663 idest,
1094 1601 1245 1648 summus
1253 1571 1347 1657 deus,

266 1687 412 1770 Vulcani
429 1723 553 1768 nomen
566 1695 657 1797 apud
669 1693 807 1770 'l'nscul
824 1690 908 1781 fuit,
928 1691 992 1766 etsi
1007 1690 1206 1792 plerumque
1218 1688 1350 1763 Maium

265 1805 308 1880 ad
325 1810 443 1884 Jovem
460 1809 619 1885 referunt
639 1810 852 1888 Vindicanda
868 1811 934 1885 erit
954 1807 1069 1884 eadem
1085 1803 1223 1894 Gellio,
1242 1791 1346 1892 Xltt,

267 1951 332 2015 22,
345 1927 405 2000 ubi
422 1927 512 2002 Nm'u
525 1926 666 2001 Volcani
676 1928 770 2030 apud
787 1928 936 2002 Gronov.
955 1920 1130 2028 perperam
1146 1923 1280 2021 legitur.
1291 1925 1354 1998 Ab

128 2115 132 2126 ,
267 2041 427 2117 alterumn
447 2062 557 2120 autem
579 2045 709 2119 Maium
731 2072 879 2119 mensem
898 2073 1024 2119 nomen
1044 2042 1169 2117 babere
1192 2041 1350 2115 adserunt

268 2176 420 2234 auctores
437 2159 528 2260 apud
544 2160 697 2236 Macrob.
719 2160 812 2260 qnod
833 2161 876 2234 ad
899 2157 1174 2260 probabilitatem
1200 2157 1352 2231 omniurn

267 2273 419 2372 proxime
432 2271 579 2360 aceedit,
593 2290 628 2349 et
640 2273 777 2374 plurimi
787 2273 917 2348 Bonam
930 2274 1055 2362 Deam,
1070 2273 1127 2348 die
1148 2298 1164 2344 1
1184 2270 1269 2346 Maii
1284 2271 1354 2345 coli

269 2385 419 2476 solitam,
438 2387 479 2460 ad
497 2387 583 2462 banc
605 2387 730 2463 Maiam
745 2388 905 2479 referunt.
929 2389 1033 2461 forte
1049 2388 1195 2473 Faunae,
1215 2387 1325 2460 Terrae
1338 2441 1355 2472 „

269 2505 368 2580 Maiae
384 2506 520 2582 nomina
537 2507 573 2580 in
591 2537 696 2582 nuum
715 2535 839 2586 numen
854 2505 1023 2581 cumulata
1040 2523 1135 2593 snut,
1155 2504 1205 2578 vel
1222 2492 1351 2578 utrius·

271 2653 337 2724 que
350 2625 474 2708 festum
490 2627 629 2699 nonnisi
645 2624 680 2698 in
697 2654 802 2700 unum
822 2625 909 2700 diem
925 2623 1101 2699 incidebat.
1122 2623 1355 2698 Commutatio

271 2744 343 2842 ejus
356 2772 432 2818 cnm
447 2744 539 2818 idaia
555 2743 716 2820 Mercurii
731 2745 890 2845 frequens
905 2744 942 2818 in
958 2745 1191 2840 grammaticis.

321 2861 471 2937 Multum
489 2863 645 2952 referret,
664 2863 693 2937 si
711 2882 862 2964 tempus,
887 2891 956 2964 quo
980 2863 1081 2962 hujus
1102 2861 1154 2936 vel
1171 2861 1263 2936 illins
1288 2889 1354 2934 un·

271 2975 371 3050 minis
387 2977 499 3052 cultus
514 2979 549 3052 in
565 2977 694 3052 ltaliam
712 2979 858 3079 primurn
875 2977 1034 3052 advectus
1049 2979 1113 3065 sit,
1136 2976 1290 3078 persequi
1307 2975 1353 3047 li-

272 3113 378 3184 ceret,
397 3095 458 3170 ubi
475 3095 511 3168 in
534 3096 651 3198 paucis
672 3094 725 3168 ael
746 3096 934 3194 conjectura
957 3093 1084 3197 aliquid
1109 3092 1238 3168 efficere
1263 3093 1355 3169 licet.

275 3195 390 3288 Serius
403 3230 535 3316 aperte,
549 3231 583 3288 et
599 3210 651 3286 vel
666 3229 748 3314 post
762 3213 881 3287 Numae
891 3229 1042 3314 tempora
1056 3213 1258 3287 transierunt
1272 3241 1303 3283 v.
1322 3238 1351 3282 c.

274 3329 399 3428 Apollo
407 3347 440 3402 et
450 3327 495 3401 V
486 3358 571 3404 enus.
586 3327 796 3431 Apollinem,
815 3355 914 3429 quem
928 3357 1004 3402 curn
1013 3329 1088 3430 ipso
1099 3329 1233 3402 nomine
1243 3355 1354 3422 graeco

274 3445 499 3549 adoptarunt,
524 3476 542 3521 a
557 3450 677 3522 Numm
693 3445 976 3541 indigitamentis,
1001 3444 1053 3520 vel
1068 3473 1196 3521 canone
1213 3439 1353 3519 deorum

274 3595 293 3640 a
310 3569 421 3642 Numa
437 3566 625 3664 agnitornm
641 3564 786 3640 alienum
800 3562 902 3640 luisse
909 3562 1222 3650 Amobiusnarrat,
1238 3579 1273 3636 et
1282 3563 1353 3638 Ve-

275 3681 366 3756 neris
385 3711 507 3758 nomen
530 3709 638 3783 neque
663 3681 700 3754 in
721 3679 866 3756 carmine
888 3677 998 3754 saliari
1022 3706 1218 3764 occanere,
1244 3703 1354 3776 neque

276 3795 413 3870 omnino
441 3795 504 3871 sub
528 3796 666 3892 regibus
693 3795 868 3892 cognimm
883 3794 1011 3886 fuisse,
1039 3794 1177 3870 Cincius
1194 3802 1228 3867 et
1241 3793 1357 3867 Varro

277 3913 431 3988 Macrob.
448 3914 487 4002 l,
509 3939 570 4002 12,
590 3911 735 3986 tradunt.

326 4028 480 4130 Denique
504 4027 696 4128 adjiciamus
719 4026 868 4129 quodam
887 4027 929 4101 de
953 4025 1118 4113 Hercule,
1140 4025 1355 4114 divitiarum,

277 4145 420 4220 lortnnae
436 4161 471 4220 et
485 4144 587 4220 sortis
604 4143 765 4245 praeside,
783 4140 827 4218 ad
842 4141 932 4217 Fast.
950 4142 1021 4232 Vt,
1043 4166 1134 4215 212:
