3025 5009
289 459 356 546 462
675 455 966 532 excursus

258 655 263 666 ·
287 599 437 690 stranda,
451 592 494 676 ad
505 599 594 675 hunc
604 600 784 677 reserenda
792 630 864 678 esse
875 603 1039 677 videntur.
1049 605 1101 678 lta
1110 603 1201 705 apud
1210 606 1363 681 Macrob.

288 724 311 800 l.
327 754 356 799 c.
370 723 499 828 Aprilis
516 725 640 800 mensis
657 753 677 798 a
694 727 824 800 Venere
839 725 1089 815 derivationem,
1104 727 1230 828 quippe
1244 727 1366 824 lingua

288 849 480 926 rationibus
497 847 697 924 contrariam
712 846 766 922 vel
782 849 868 923 hanc
886 849 932 924 ob
949 877 1101 940 cansam,
1118 850 1211 950 quod
1226 853 1369 926 Veneris

288 1003 352 1049 nec
366 1003 544 1054 romanum
561 1003 623 1048 uec
640 1002 784 1070 graecvma
803 1001 927 1049 nomen
945 1003 1062 1070 regum
1078 992 1227 1076 tempore
1246 993 1367 1050 notum

289 1097 413 1186 luisse,
432 1115 466 1172 et
481 1097 517 1170 in
535 1097 680 1172 carmine
697 1095 817 1170 Saliari
835 1097 977 1172 inveniri
993 1098 1131 1188 scribit,
1148 1099 1278 1194 egregie
1291 1126 1369 1172 sane

287 1221 465 1310 refutavit,
483 1249 575 1322 aeque
594 1249 631 1296 ac
644 1220 730 1296 Maii
746 1238 782 1303 et
794 1221 891 1296 lunii
903 1251 922 1296 a
933 1221 1117 1321 majoribus
1130 1238 1164 1296 et
1176 1221 1369 1320 junioribus

288 1344 528 1448 explicationes
538 1345 995 1443 vulgares,alterumall1aia
1007 1347 1082 1434 dea,
1095 1346 1370 1447 alterum,qeum
1462 1354 1468 1370 '

290 1487 321 1544 et
339 1469 525 1570 antiquitus
542 1487 576 1544 et
589 1497 650 1544 suo
671 1487 820 1571 tempore
835 1467 916 1544 alibi
930 1470 1099 1546 Junouius
1117 1470 1255 1558 dicatur,
1271 1499 1291 1543 a
1306 1472 1371 1544 Ju-

288 1619 377 1668 none
401 1591 528 1668 dietum
552 1620 624 1666 esse
651 1621 790 1668 censens
813 1593 906 1690 (ubi
923 1590 1089 1682 Ovidius,
1107 1595 1197 1668 Fast.
1218 1596 1287 1680 Vl,
1305 1594 1391 1682 61,
1426 1586 1431 1602 ’

290 1744 365 1790 eum
382 1714 590 1792 hauddubie
607 1716 791 1819 respexit)
812 1717 898 1792 Post
910 1717 1002 1792 hunc
1018 1718 1216 1792 Macrobius
1235 1719 1378 1793 Masurii

289 1839 403 1916 Subrisi
418 1842 674 1915 commentarios
687 1840 841 1942 inprimis
854 1838 986 1929 laudat,
1000 1841 1142 1918 celebris
1153 1843 1219 1918 sub
1233 1842 1371 1917 Tiberio

290 1966 313 2039 J
315 1962 554 2054 uriscousulti,
572 1964 663 2038 Ateii
681 1963 857 2066 Capitonis
873 1963 1011 2040 adseclae
1026 1983 1059 2040 et
1075 1983 1173 2041 secte
1185 1965 1373 2040 sabiniana

291 2087 438 2162 auctoris
458 2086 548 2188 [vid.
562 2086 602 2161 fr.
617 2089 672 2176 ll,
686 2091 714 2186 ἓ.
731 2087 779 2180 48
792 2088 924 2184 Digest.
936 2089 1076 2188 (l,2)]
1092 2089 1151 2190 qui
1161 2087 1241 2163 vele
1252 2090 1371 2164 Persio
1420 2167 1423 2172 ,

290 2227 393 2283 notus
404 2227 477 2285 est:
493 2211 561 2284 Sat.
576 2211 619 2300 V,
635 2236 703 2310 qo,
721 2211 852 2286 Musun'
863 2211 985 2286 rubn'ca
999 2227 1094 2286 vetat.
1116 2210 1187 2286 Alii
1204 2240 1372 2288 commen-

291 2333 455 2408 tariorum
478 2350 631 2410 auctores
657 2352 872 2410 recensentur
896 2365 906 2410 t
928 2337 1030 2412 Nuus
1055 2336 1237 2430 (Macrob.
1255 2336 1374 2434 ibid)

291 2458 413 2536 Bobius
422 2457 547 2544 Macer,
571 2457 727 2534 Comehm
737 2459 846 2534 Labeo
865 2460 1045 2556 (Macrob.
1062 2462 1100 2549 l,
1123 2458 1167 2532 16
1178 2464 1214 2552 ),
1231 2461 1373 2534 Rutilius

295 2582 463 2668 Geminus,
494 2581 530 2656 T
526 2583 606 2669 itus,
631 2584 781 2686 Anysius
803 2601 837 2659 et
857 2582 1058 2685 Elpidianus
1084 2590 1150 2685 repr*
1167 2600 1286 2679 μηνῶν,
1305 2591 1373 2685 περὶ

292 2719 401 2804 {opeda
424 2705 515 2808 apud
538 2705 688 2808 Lydum,
715 2707 829 2783 Julius
856 2707 1056 2797 Modestus,
1084 2709 1215 2810 Hygini
1231 2707 1376 2785 libertus

292 2832 409 2931 (Suet.
434 2830 474 2904 de
501 2848 671 2926 grammat.
696 2833 770 2923 20)
788 2830 829 2905 de
844 2830 953 2920 seriis,
971 2831 1111 2908 Fulvius
1133 2832 1292 2922 Flaccus,
1310 2835 1376 2907 Ju-

292 2954 369 3030 nius
384 2954 554 3028 Gracchus
567 2952 701 3056 aliique.
717 2953 828 3028 Nobis
844 2982 960 3038 omnes
973 2973 1052 3030 atas
1066 2955 1201 3044 invidit,
1213 2973 1377 3057 etpraeter

293 3077 409 3155 Ovidii
427 3077 702 3152 commentarium
715 3077 887 3178 poeticum
902 3095 936 3153 et
946 3077 1121 3154 breviores
1131 3080 1242 3154 Verrii
1256 3098 1373 3166 notas,

292 3199 428 3277 nonnisi
447 3200 532 3301 Lydi
550 3217 584 3274 et
601 3200 770 3275 Macrobii
788 3201 947 3301 Festique
963 3220 1118 3304 excerpta
1135 3202 1289 3278 notitiam
1312 3203 1373 3278 ali-

294 3350 393 3425 quam
405 3323 565 3424 praebent.
583 3324 667 3419 Quae
684 3323 811 3425 passim
826 3353 866 3398 ex
880 3324 934 3398 his
947 3324 1170 3426 scriptoribus
1183 3324 1374 3415 laudantur,

294 3445 498 3532 ostendunt,
520 3473 578 3518 eos
597 3445 632 3516 in
651 3445 810 3520 omnibus
826 3446 888 3536 iis,
914 3476 987 3548 quae
1010 3477 1111 3550 supra
1127 3448 1170 3523 ad
1183 3449 1248 3522 hos
1265 3447 1377 3524 libros

292 3570 492 3652 retulimus,
522 3568 714 3643 enarrandis
731 3587 765 3644 et
782 3571 1043 3668 investigandis,
1060 3573 1139 3674 plus
1152 3573 1320 3657 minusve,
1339 3591 1374 3647 et

294 3713 333 3772 ut
351 3696 427 3796 quis
443 3694 611 3780 historiae,
627 3694 838 3795 antiquitatis
856 3713 889 3770 et
906 3694 1131 3794 clrronologiae
1149 3699 1375 3805 peritissimus

294 3838 382 3903 erat,
396 3838 545 3894 versatos
564 3847 643 3895 esse.
660 3863 699 3875 -
716 3818 817 3893 Haud
836 3820 970 3920 quidem
987 3821 1060 3895 data
1076 3850 1177 3923 opem
1193 3823 1236 3896 ad
1253 3825 1281 3896 F
1281 3840 1374 3896 astos

295 3941 531 4044 explicandos,
550 3945 608 4017 sed
628 3944 780 4018 universe
797 3944 840 4017 ad
856 3944 1088 4044 antiquitatem
1109 3973 1277 4020 romanam
1293 3943 1373 4020 illu-

296 4067 464 4140 strandam
474 4067 571 4142 etiam
584 4067 691 4142 Varro
704 4069 739 4142 in
752 4067 809 4146 lib.
821 4070 990 4170 Antiquit.
1005 4068 1222 4159 Divinarum,
1240 4069 1284 4142 V
1276 4073 1373 4146 emin

239 4231 244 4241 ·
295 4186 419 4292 aliique
431 4191 556 4289 passim
565 4190 605 4266 de
617 4191 681 4266 hoc
695 4220 813 4288 genere
829 4192 866 4266 in
879 4193 1028 4295 antiquis
1037 4194 1144 4286 seriis,
1157 4195 1371 4282 ceremoniis,
