3025 5009
416 408 713 481 PASTORUM
743 414 840 483 LIB.
871 420 938 486 IV.

1074 387 1077 403 .
1151 426 1215 495 303

186 556 233 627 Et
248 552 289 627 de
306 553 417 634 vicino
434 572 521 631 terra
533 558 639 658 petita
652 557 738 634 solo.

134 670 241 744 Fossa
254 668 404 773 repletur
418 670 541 761 humo,
559 672 732 778 pleneque
747 677 937 779 imponitur
952 710 1027 772 ara3

184 789 232 860 Et
247 815 356 863 novus
372 816 512 864 accenso
530 788 670 867 finditur
688 793 766 888 igne
783 793 890 869 locus.

131 898 218 973 lnde
235 928 389 1006 premens
405 903 524 979 stiram
543 905 698 1003 designat
712 904 834 982 moenia
850 907 967 986 sulco:

182 1013 271 1091 Alba
286 1015 405 1115 jugum
420 1018 519 1093 niveo
535 1048 612 1095 oum
629 1022 716 1097 bove
734 1050 829 1099 vacca
850 1023 938 1099 tulit.

1165 939 1215 995 eas

128 1134 210 1207 Vox
225 1135 291 1209 tuit
306 1137 376 1211 haec
391 1138 480 1234 regia
497 1169 505 1212 ε
525 1140 714 1229 Condenti,
729 1142 881 1243 Jupiter,
895 1144 1031 1238 urbem,

183 1253 229 1325 Et
246 1253 379 1349 genitor
394 1248 549 1343 Mavors,
567 1258 737 1359 Vestaque
754 1275 875 1349 mater,
892 1262 989 1351 ades3

131 1364 301 1468 Quosque
316 1370 412 1469 pium
429 1388 482 1445 est
496 1369 655 1447 adhibere
671 1373 783 1462 Deos,
803 1374 964 1450 advertite
981 1376 1093 1451 cuncti
1108 1406 1117 1450 ε

180 1485 390 1587 Auspicibus
407 1487 585 1563 nobishoc
601 1488 686 1562 mihi
702 1508 819 1587 surgat
836 1495 943 1592 opus!

1165 1517 1217 1573 llo

127 1680 240 1731 Fossam
246 1676 319 1731 illam
328 1677 645 1747 mundumvoeabant,in
697 1700 710 1725 »ι
723 1680 764 1733 nis
776 1680 874 1735 aestifer
884 1700 953 1735 arva.
968 1704 983 1730 »
1003 1682 1131 1739 Heinsius
1145 1686 1214 1756 vulg.

126 1774 244 1825 eamque
251 1767 279 1811 et
286 1757 415 1826 primitias
421 1758 544 1810 omnium
552 1776 646 1810 rerum
685 1755 808 1827 fisrffr'tur
817 1758 951 1829 defendit,
966 1762 1216 1831 quiasungr'dieanw

127 1846 157 1889 et
168 1834 309 1906 partioulas
320 1847 414 1903 terrae,
427 1856 460 1890 ex
470 1856 522 1907 qua
534 1837 645 1906 quisque

126 1912 240 1983 regione
247 1923 370 1979 renuat,
382 1915 535 1969 commixtas
543 1913 646 1969 delere-

126 1993 202 2045 bant
215 1994 288 2047 Tum
300 1992 424 2048 conditor
433 2012 508 2047 aeneo
519 2014 643 2062 vomere,

126 2071 281 2141 junctisque
292 2072 394 2141 bubus,
407 2073 475 2126 mari
487 2082 515 2127 et
525 2073 643 2142 semina,

127 2149 295 2219 profundum
302 2149 415 2204 ducebat
422 2151 524 2205 sulcum
532 2191 540 2217 ,
548 2164 589 2219 et,
599 2154 645 2207 ubi

127 2238 207 2298 porta
214 2227 378 2297 designanda
388 2238 464 2294 erat,
475 2228 512 2281 ibi
521 2240 644 2299 exempto

125 2307 284 2376 sublatoque
296 2324 422 2373 vomere,
435 2308 549 2376 spatium
561 2309 647 2362 relin-

127 2384 237 2454 quebat
245 2384 372 2453 Quicum
379 2385 568 2454 sequebantur,
577 2388 594 2439 ii
603 2408 646 2441 ex·

124 2465 220 2519 citatas
227 2476 316 2518 aratro
323 2465 410 2535 glebas
417 2466 489 2518 intro
496 2466 643 2521 vertebant

127 2543 209 2597 Adde
222 2542 417 2610 Columellam,
427 2543 470 2597 v1
481 2542 649 2613 pret-Ad

123 2626 237 2685 solidum
246 2622 325 2678 lens.
335 2622 537 2692 interpretatur,
549 2624 577 2676 in
587 2623 644 2679 loeo

125 2700 229 2768 solido,
245 2700 338 2755 loeum·
347 2701 423 2755 enim
438 2701 514 2755 illum
528 2703 643 2756 maxima

125 2800 159 2833 ex
169 2790 245 2850 parte
255 2778 335 2835 luisse
345 2780 489 2851 palustrem
500 2801 508 2844 ;
520 2779 567 2834 sed
579 2780 643 2849 quid

125 2857 176 2911 liet
192 2856 234 2911 his
250 2857 333 2912 loeis?
349 2858 472 2914 Valerius
490 2859 642 2926 Maximus,

126 2936 173 3000 ll,
191 2956 202 2989 ι
217 2953 225 2989 ι
238 2956 252 2983 a
270 2935 522 2992 Fundamentorum
540 2939 643 2992 eonsti-

126 3034 141 3059 ι·
152 3013 321 3067 tuendorum
328 3015 426 3084 gratia,
438 3025 538 3069 terram
547 3015 578 3070 ad
592 3035 642 3069 ao·-

126 3114 141 3138 ›-
153 3091 242 3147 lidum
250 3092 350 3149 fodere.
363 3116 377 3141 s
397 3093 563 3162 Columella,
582 3095 641 3162 lV,

125 3172 161 3222 30
171 3189 179 3222 z
191 3190 206 3215 a
218 3170 307 3225 salices
320 3193 334 3217 »
349 3171 483 3241 deponere
496 3192 529 3226 eo
544 3191 641 3243 usque,

126 3268 140 3290 ι
153 3245 223 3301 dum
238 3246 272 3300 ad
289 3247 405 3301 solidum
425 3248 609 3304 demittantur.
627 3272 642 3297 »

125 3326 162 3381 lis
171 3324 234 3380 loeis
242 3326 317 3381 losse
325 3328 437 3383 altitudo
445 3330 577 3397 innuitur,
589 3348 642 3400 qua

123 3424 168 3458 res
179 3404 301 3459 demissae
311 3406 421 3466 liranum
433 3408 641 3464 fundamentum

123 3485 234 3545 habent
246 3487 344 3540 Noster
352 3488 394 3544 XI
405 3488 516 3544 Metam.
527 3508 557 3559 7²
568 3508 575 3544 ι
586 3512 599 3538 α
612 3492 641 3544 in

125 3565 376 3624 ‚solidamdetrusit
381 3569 502 3623 acumine
508 3580 616 3623 tertam.
625 3592 640 3620 a

124 3643 318 3699 Mitsclseslielr.
334 3646 451 3715 pretulit
469 3652 508 3700 sd
518 3652 635 3713 solitam,

124 3725 198 3795 quod
209 3725 317 3795 plurimi
329 3735 451 3779 veterum
462 3738 616 3794 agnoscunt

158 3804 217 3870 824.
234 3807 355 3858 Id'sdr'tur
369 3806 489 3859 revocavi
502 3846 511 3871 ,
524 3807 589 3875 quia
603 3806 640 3860 sic

124 3883 284 3938 vetustiores
293 3883 413 3953 plerique
423 3886 510 3953 3fiads'
516 3885 590 3938 enim
600 3902 640 3937 so·

123 3961 183 4017 tum
200 3970 267 4014 utu
284 3959 372 4025 solet;
393 3960 421 4014 ll
440 3960 552 4014 Metam.
573 3964 639 4035 159:

119 4046 140 4089 ‘a
153 4040 227 4093 Fissa
238 4038 316 4094 lellus
326 4040 378 4108 egit
388 4038 483 4102 rimam
497 4062 512 4086 a
522 4060 559 4093 vs.
570 4059 638 4107 211,

122 4116 242 4173 Plsoeltus
255 4139 269 4163 a
284 4115 364 4170 studit
379 4116 519 4186 vaporibus
539 4134 610 4170 arsa.
624 4138 639 4163 υ

122 4196 218 4267 vtsgtt.
227 4194 327 4267 θεοῖς.
338 4195 382 4263 ll,
396 4196 461 4252 3⁵3:
471 4218 486 4245 s
498 4196 577 4251 lindit
586 4194 639 4251 Ca·

695 1845 756 1902 tur,
775 1856 834 1906 que
845 1836 964 1893 officium
973 1856 1057 1897 ¹susam
1071 1852 1196 1911 prestent
1205 1804 1236 1907 ς.

694 1916 817 1969 nonnulli
822 1918 949 1985 sunds'lrsr
958 1930 1002 1973 aut
1006 1922 1216 1989 fiamine-Sli-

694 2013 740 2053 να.
756 2012 876 2063 german.
887 1998 929 2047 die
939 1996 1038 2057 siene,
1051 1996 1157 2067 lignum*
1166 2018 1214 2067 pes

692 2068 782 2123 lsurirn
792 2072 820 2125 in
831 2070 937 2126 dentale
945 2072 1125 2143 descendens,
1138 2078 1214 2145 eujus

693 2166 744 2218 ope
757 2161 846 2203 arator
858 2150 980 2205 flectebat
991 2165 1126 2221 ¹aratrum3
1138 2154 1212 2225 Virg.

695 2228 795 2299 Georg.
806 2228 835 2297 l,
850 2234 1067 2303 179.-Premess,
1080 2246 1110 2287 ut
1120 2253 1214 2287 vomer

694 2304 745 2357 alte
765 2304 907 2360 descendat
924 2328 931 2371 3
953 2308 1118 2377 profundum
1139 2313 1212 2365 enim

692 2383 812 2450 sulcum,
829 2388 917 2440 lotam
928 2396 1040 2457 petrem,
1056 2389 1195 2446 faciebant.

727 2464 853 2533 827-832.
864 2466 961 2521 Preces
972 2469 1080 2523 Romuli
1092 2510 1099 2537 ,
1114 2471 1146 2524 de
1156 2472 1212 2541 qui·

694 2540 744 2593 bus
751 2540 868 2597 historici
878 2544 943 2597 nihil
953 2544 1066 2609 habente
1076 2548 1212 2603 victimam

693 2628 783 2672 tamen
799 2623 856 2690 ejus
869 2622 1014 2694 Dionysius
1027 2640 1169 2683 memorat.
1178 2657 1214 2673 ·-·

692 2696 737 2751 De
752 2701 833 2753 Vesta
842 2702 919 2755 Latio
930 2704 1000 2759 illata
1011 2705 1070 2758 vide
1082 2706 1141 2774 lll,
1155 2710 1213 2775 426.

692 2778 965 2833 -Mslercommune
977 2779 1097 2845 Dearum
1106 2783 1211 2852 epithe-

692 2863 756 2921 ton,
773 2867 804 2909 ut
811 2868 887 2924 pater
896 2858 1027 2914 Deorum.
1037 2888 1072 2901 -
1083 2862 1213 2917 Assum

691 2931 719 2983 in
730 2933 855 2987 auxilium
865 2975 872 3001 ,
881 2934 1040 3007 implorare3
1051 2938 1130 2990 etiarn
1139 2939 1210 3009 apud

692 3010 819 3080 Florum,
836 3014 863 3081 l,
878 3033 905 3083 r,
919 3016 953 3086 o,
969 3016 1101 3071 Romulus
1113 3020 1210 3073 urbem

692 3089 867 3159 conditurus,
886 3098 960 3149 Deos
975 3100 1093 3159 assises,
1111 3116 1209 3168 nempe

691 3170 987 3238 auspiciis.—-Adeerls‘!e
994 3176 1154 3231 Teubner-us
1162 3197 1209 3231 ex-

690 3248 786 3318 plicat,
799 3254 1010 3309 animadvertite.
1020 3254 1109 3310 lmmo
1118 3254 1192 3312 deest
1200 3296 1208 3325 ,
1276 3288 1278 3293 =

690 3332 796 3381 numina
806 3340 905 3393 vestra,
922 3333 993 3401 quod
1005 3333 1142 3387 interdurn
1154 3334 1208 3388 ad·-

692 3402 781 3479 ditur,
799 3418 828 3460 ut
841 3406 904 3460 AEn.
917 3411 973 3478 lV,
987 3412 1045 3465 on.
1059 3412 1094 3465 Et
1111 3414 1207 3481 passim

690 3480 741 3537 lroe
754 3484 865 3541 verbum
875 3488 992 3543 absolute
1002 3492 1125 3560 penitam
1137 3492 1209 3547 Dra-

689 3561 835 3619 kenborch.
848 3566 881 3642 ad
894 3567 1005 3638 Silium,
1016 3572 1046 3638 l,
1057 3573 1208 3625 allo-Ars-

689 3646 891 3709 spr'cs‘bssvobis,
904 3650 1104 3717 vestroauxilio,
1112 3649 1205 3721 ductu,

689 3722 817 3787 cossium
833 3744 902 3779 uuus
914 3726 967 3782 MS
979 3735 1150 3799 auspiciisque
1161 3734 1208 3784 bo-

689 3806 743 3865 sssls,
754 3814 785 3856 ut
798 3804 824 3870 l,
836 3804 899 3870 513,
913 3808 1098 3874 bonrsarr'bm
1107 3808 1204 3877 plures,
1314 3846 1319 3859 .

689 3886 882 3950 supremusque
897 3888 977 3938 bosri.
995 3912 1028 3927 -·
1046 3888 1150 3955 Surgere
1170 3888 1207 3941 sic

689 3970 717 4012 et
728 3959 798 4028 apud
808 3958 901 4030 Virgil.
915 3962 982 4014 utin
998 3963 1059 4017 illo:
1071 3986 1085 4011 «
1098 3964 1124 4017 0
1141 3962 1205 4017 sor-

690 4057 705 4084 »
716 4039 819 4104 tunati,
832 4056 948 4107 quorum
958 4040 1013 4108 jam
1025 4040 1123 4095 moenia
1138 4059 1204 4094 sur-

690 4138 705 4165 »
717 4127 785 4187 gunt
797 4116 803 4171 !
816 4138 830 4163 s
842 4120 983 4172 AEtemr'tas
994 4119 1099 4191 imperii
1112 4132 1139 4175 et
1148 4141 1205 4188 po-

687 4200 770 4250 tentia
787 4214 877 4249 rerum
898 4197 997 4267 ubique
1016 4198 1203 4253 Romanorum
