3025 5009
429 463 936 560 1nov1o11r'nsros,
1155 486 1224 583 47³

149 633 281 710 admitti
295 633 415 736 possit.
434 633 598 708 Prourea
615 631 762 707 Ovidius
783 628 870 704 nihil
888 628 1092 720 utebatur,
1113 647 1146 704 ot
1158 659 1225 732 po-

149 759 215 834 tuit
231 759 303 834 bec
318 759 469 833 Fortuna
484 756 574 832 nude
586 757 736 834 Fortuna
751 753 893 830 Publica
908 755 1028 831 vocari.
1046 753 1112 832 Ad
1126 755 1221 830 Fust.

150 883 198 972 V,
224 881 315 984 739,

285 1030 343 1086 Nec
354 1039 381 1084 te
391 1040 547 1100 preteream
558 1029 649 1100 populi
663 1030 784 1084 Fortuna
794 1029 910 1101 potentis

348 1121 475 1191 Publica,
486 1121 530 1176 cui
542 1121 673 1192 templum
684 1122 742 1178 luce
755 1110 884 1193 aequenle
895 1122 1005 1190 datum,
1079 1180 1083 1186 ,

150 1267 212 1340 ubi
237 1265 461 1358 Kalendaria,
485 1283 558 1342 tum
579 1268 715 1343 Fortun.
735 1268 853 1385 public.
883 1269 961 1344 PR.
980 1269 1012 1341 io
1033 1269 1129 1356 colle,
1154 1287 1227 1344 tum

151 1391 288 1465 Fortun.
311 1391 405 1494 prim.
431 1394 462 1464 iu
486 1390 723 1489 andelagum,
748 1392 935 1468 luculenter
959 1421 1001 1467 ex
1022 1391 1127 1467 altero
1152 1391 1228 1468 loco

152 1513 288 1614 quidem
299 1513 532 1616 apparetbanc
542 1533 659 1590 notam
668 1517 742 1591 PR.
754 1515 928 1614 legendam
941 1544 1012 1592 esse
1021 1497 1229 1618 primigenia

152 1635 212 1712 sed
230 1635 390 1712 Ovidium
407 1637 496 1713 idem
510 1638 700 1735 designasse
716 1639 780 1715 bac
804 1639 1102 1715 circumlocutione
1118 1639 1234 1741 populi

143 1760 279 1862 potentis
297 1819 307 1847 ,
338 1789 414 1834 cum
433 1762 598 1858 Fogginio
615 1763 697 1837 mibi
715 1764 914 1865 persuadere
934 1791 1003 1837 non
1020 1789 1179 1864 possum,
1196 1777 1231 1835 et

150 1883 284 1960 credere
294 1884 383 1960 malo
395 1885 556 1961 Ovidium
566 1887 697 1962 easdem
709 1907 808 1965 notas
817 1889 891 1964 PR.
907 1889 944 1964 in
959 1888 1153 1963 kalendario
1167 1915 1229 1961 suo

151 2024 301 2109 repertas
317 2007 437 2105 legisse
457 2007 578 2110 Populi
588 2010 730 2085 Romani
734 2069 744 2098 ,
772 2013 870 2086 etita
884 2013 994 2087 versui
1012 2012 1203 2086 intexuisse.

199 2133 309 2206 Taceo
327 2150 444 2207 catera
459 2130 553 2220 loca,
572 2131 633 2205 ubi
649 2133 789 2206 Verrius
806 2135 907 2208 ovid.
922 2134 1078 2236 supplet,
1093 2163 1172 2208 uc.
1187 2133 1231 2207 ad

151 2253 184 2327 d.
203 2253 252 2326 23
270 2272 305 2329 et
321 2255 370 2349 24
385 2257 488 2329 Mart.
506 2254 548 2328 ad
572 2281 586 2326 r
606 2272 641 2329 et
663 2253 710 2328 23
727 2252 837 2356 April.
857 2275 891 2332 et
908 2256 991 2332 alios
1009 2257 1102 2349 dies,
1127 2287 1231 2359 quum

149 2375 186 2451 e't
199 2377 287 2452 infra
304 2376 454 2480 quaedam
470 2377 506 2451 in
523 2376 714 2452 subsidium
729 2378 877 2454 vocanda
893 2379 971 2453 sint.

201 2501 319 2591 Alius,
337 2495 437 2602 quern
453 2501 610 2598 Pogginii
624 2499 710 2577 liber
723 2498 879 2576 laudatus
895 2519 1049 2604 praestat,
1065 2531 1148 2576 usus
1163 2531 1235 2577 cer-

148 2626 244 2701 nitur
267 2625 305 2698 in
326 2623 490 2700 fastorum
513 2641 682 2714 veterum,
701 2639 920 2726 utnusquam
936 2643 1035 2701 antea
1054 2626 1229 2715 exstabat,

150 2747 351 2823 collectione
368 2748 468 2851 plena
484 2765 517 2821 et
533 2747 680 2844 integra,
700 2777 800 2850 quam
816 2777 893 2823 cum
908 2747 1131 2824 illustratione
1146 2747 1234 2824 ube-

149 2875 260 2966 riore,
278 2873 517 2948 commentario
530 2873 566 2948 in
577 2873 734 2949 Verrium
747 2874 868 2949 adsuit.
887 2875 974 2972 Quae
989 2872 1111 2949 tabulae
1126 2901 1232 2974 quum

152 2997 339 3072 arctissimo
358 2995 493 3072 vinculo
510 3024 585 3072 cum
601 2995 718 3070 Ovidii
730 2997 895 3086 camnine,
914 2997 1007 3098 qnod
1024 2997 1111 3072 iniis
1126 2997 1234 3070 inter·

152 3121 326 3224 precandis
352 3139 519 3211 versatur,
543 3121 748 3211 cohereant,
767 3149 808 3194 eo
825 3121 933 3217 magis
955 3119 1137 3195 dolendum
1162 3135 1233 3212 est,

152 3246 341 3342 fragmenta
354 3273 470 3321 eorum
484 3273 563 3321 casu
574 3245 722 3346 quodam
734 3245 888 3342 ingrato,
906 3244 942 3319 in
955 3245 1127 3347 prioribus
1140 3274 1234 3321 men·
1379 3264 1381 3267 ·

154 3371 270 3460 sibus,
290 3399 376 3472 quos
395 3370 497 3447 ovid.
515 3370 697 3460 describit,
713 3398 784 3473 prae
799 3370 875 3446 aliis
890 3398 1005 3446 manca
1023 3397 1111 3458 esse,
1130 3398 1234 3471 quum

153 3492 331 3570 uberiores
358 3523 475 3569 eorum
499 3493 734 3570 adnotationes
761 3495 798 3568 in
823 3494 996 3571 mensibus
1021 3482 1184 3589 Augusto
1202 3509 1237 3566 et

153 3616 355 3721 Septembre
372 3635 522 3706 exstent,
540 3645 559 3692 e
577 3618 701 3720 quibos
720 3618 901 3720 quasdam,
918 3616 1109 3720 speciminis
1122 3643 1234 3703 causa,

155 3770 196 3816 cx
212 3742 370 3836 Augusto
388 3767 500 3814 mense
518 3739 678 3842 descripsi
693 3759 728 3815 et
743 3741 780 3814 in
794 3740 861 3815 fine
877 3741 1034 3839 adjunxi.'
1048 3740 1165 3837 Quum
1182 3756 1236 3812 ta-

156 3891 235 3938 men
252 3892 323 3937 non
340 3891 416 3938 raro
428 3879 462 3936 et
470 3862 507 3936 in
517 3862 690 3964 prioribus
698 3861 863 3937 laudanda
878 3881 959 3938 sunt
973 3862 1044 3937 baec
1052 3861 1237 3958 fragmenta

155 4005 197 4064 ut
212 4004 253 4061 ut
267 4015 392 4088 pauca,
410 3984 579 4088 praecipua
593 4011 707 4060 eorum
724 3984 881 4061 hocloco
897 3985 1092 4083 attingenda
1108 3986 1234 4088 putari.

212 4119 259 4182 1⁰.
286 4107 426 4184 Kalend.
452 4107 685 4210 Moffoet'orum,
707 4109 754 4184 ita
771 4108 918 4200 dictum,
944 4109 1037 4212 quod
1054 4110 1091 4184 in
1108 4109 1237 4186 edibus

156 4229 383 4308 Malleiorum
399 4226 545 4333 primum
562 4247 676 4333 patere
682 4233 821 4342 pcoepit3
842 4252 882 4309 ut
907 4233 1126 4336 perhibetur,
1146 4261 1237 4310 anno
