3025 5009
400 459 698 528 resroruru
724 463 823 530 cru.
855 431 909 530 ⁴v.
955 557 961 568 ¹
1120 465 1182 532 su

108 601 250 674 Pectora
266 599 421 697 trajectus
435 601 569 702 Lynceo
586 601 709 676 Castor
722 602 767 676 ab
783 630 881 691 ense,

156 716 237 789 Nou
253 732 443 817 exspectato
458 715 595 792 vulnere
612 717 736 818 pressit
749 718 901 792 humum.
1130 757 1188 813 -710

109 833 213 909 Ultor
229 834 323 909 adest
340 833 479 924 Pollux;
498 853 533 910 et
547 837 679 938 Lyncea
696 835 846 937 perforat
860 836 976 930 hasta,

160 951 239 1047 Qua
257 949 366 1022 cervix
383 949 542 1024 humeros
557 951 751 1026 continuata
767 952 899 1054 premit.

109 1064 189 1138 lbat
201 1065 239 1139 in
257 1064 347 1140 huuc
364 1064 463 1154 ldas,
478 1065 602 1167 vixque
617 1083 671 1142 est
685 1066 783 1142 lovis
799 1068 874 1162 igne
890 1065 1069 1170 repulsus:

160 1181 242 1256 Tela
261 1199 371 1258 tamen
390 1181 514 1257 dextrae
527 1182 667 1258 fulmine
682 1200 778 1286 rapta
792 1202 925 1281 negant.

109 1300 254 1399 Jamque
272 1298 337 1372 tibi
352 1297 489 1386 carlum,
506 1297 650 1387 Pollux,
669 1297 814 1374 sublime
829 1299 984 1401 patebat3
1141 1325 1189 1395 715

161 1413 293 1510 Quum,
311 1415 409 1501 Mea,
426 1414 560 1502 dixisti,
578 1413 712 1517 percipe
729 1414 847 1504 rerba,
866 1417 974 1490 Pater.

111 1529 219 1627 Quod
233 1529 318 1604 milri
333 1529 393 1604 das
409 1531 488 1620 uni,
508 1530 624 1606 caelum
641 1531 765 1634 partire
782 1529 937 1606 duobus:

159 1648 348 1722 Dimidium
365 1665 438 1723 toto
453 1655 590 1724 munere
604 1648 712 1749 majus
729 1647 803 1722 erit.

109 1819 243 1886 Apdr‘der's
255 1815 409 1886 legendum.
427 1816 489 1871 Hoc
500 1815 560 1870 ioco
572 1835 627 1870 an·
672 1814 703 1870 in
714 1815 841 1889 olympo,
857 1816 969 1872 eltemm
984 1817 1012 1872 in
1024 1819 1144 1890 sepulcro
1155 1821 1189 1876 ad

111 1907 169 1950 tem
187 1913 245 1948 non
264 1895 397 1950 sisinnus
412 1893 627 1950 Zuliclremianus
675 1893 831 1965 Therapnas
842 1894 958 1966 exigunt.
978 1897 1031 1954 sed
1044 1899 1114 1968 apud
1128 1901 1190 1955 lio-

107 1973 164 2028 lroc
174 1992 275 2028 nomen
295 1973 423 2039 semema
442 1993 507 2028 nam
519 1975 627 2028 ceteri:
674 1992 799 2042 merum,
812 1971 922 2043 ΟΜ,
937 1975 1002 2044 302,
1015 1977 1192 2036 viruntuter-

114 2053 342 2107 condierantillo
352 2048 518 2123 mmtirafida
526 2056 628 2106 locos·
675 2071 727 2122 que
737 2051 787 2106 sub
799 2063 886 2121 terra,
894 2053 1046 2125 habentque
1055 2055 1106 2112 boc
1116 2077 1131 2114 a
1142 2061 1192 2114 Jo-

112 2131 139 2184 A
150 2133 254 2201 Lynceo
268 2133 377 2186 Castora
387 2150 443 2186 esse
456 2130 626 2186 interiectum
675 2148 721 2196 re,
733 2140 764 2183 ut
775 2131 903 2200 pervices
916 2129 988 2188 diem
999 2153 1079 2204 supra
1091 2145 1190 2192 terram

111 2209 220 2280 plurimi
229 2208 347 2264 tradunt.
358 2210 439 2280 Apud
452 2210 628 2266 Theocritum
675 2208 796 2277 erigant,
809 2219 838 2262 et
849 2208 1050 2266 divinobonore
1060 2211 1191 2270 fruantur.

111 2304 178 2340 vero
200 2286 322 2359 Lynceus
342 2286 413 2342 eadit
428 2284 545 2340 Castoris
563 2305 627 2341 ense
676 2285 719 2339 De
731 2285 850 2342 dissensu
861 2299 983 2343 veterum
992 2291 1130 2361 superbae
1143 2314 1190 2362 re,

112 2366 247 2434 trajectus
274 2365 307 2419 ln
322 2385 377 2420 roc
391 2367 495 2437 lynceo
509 2364 628 2420 notanda
676 2381 731 2432 quo
742 2363 785 2416 alii
798 2374 937 2432 statuunt,
959 2366 1067 2423 alternis
1078 2368 1193 2425 alterum

111 2445 212 2518 syllaba
222 2443 353 2512 seumda,
362 2443 478 2514 queboc
486 2463 563 2498 versu
571 2443 627 2498 lon·
676 2441 705 2494 in
716 2439 824 2508 inferis,
840 2443 954 2498 alterurn
966 2445 1030 2499 cislo
1045 2465 1118 2514 esse,
1131 2447 1191 2516 alii,

111 2545 145 2597 gs
155 2567 163 2592 ‚
175 2535 204 2579 et
214 2525 300 2578 brevis
311 2543 378 2577 vers.
391 2543 447 2594 7¹¹·
676 2530 821 2588 utrumque
839 2520 918 2574 simul
931 2521 983 2576 alio
999 2522 1043 2578 die
1060 2524 1130 2596 apud
1147 2527 1191 2580 in·

148 2600 543 2676 712.Preae1unahenrmeri0m
552 2622 560 2666 ;
568 2600 629 2654 rul-
676 2596 765 2665 feros,
781 2597 833 2651 alio
846 2599 917 2667 apud
928 2619 1037 2670 superos
1045 2621 1101 2656 esse
1112 2641 1120 2670 ,
1131 2603 1192 2658 ride

111 2702 148 2753 go
158 2687 227 2748 tegit.
242 2683 357 2736 Premere
366 2680 435 2734 bene
449 2679 483 2733 de
494 2679 627 2744 conliuio;
677 2674 863 2730 liemsterbus.
874 2675 908 2730 ad
916 2678 1079 2746 burianum,
1089 2679 1195 2753 Dislog.

112 2762 156 2818 IV
167 2760 238 2818 Mer.
251 2761 301 2816 63⁵
313 2781 320 2812 τ
333 2763 434 2814 humum
449 2765 547 2814 ostiaris
557 2764 630 2814 nulla
677 2751 819 2822 Deorum,
840 2766 904 2811 som.
924 2757 969 2826 ll,
987 2779 1045 2830 pag.
1066 2761 1115 2828 88,
1129 2759 1193 2817 edit.

107 2847 247 2913 premebat.
259 2842 340 2913 Apud
354 2839 463 2896 Pindar.
479 2849 549 2904 ἤλασε
563 2851 630 2910 Ares·
678 2833 786 2904 llipont.
803 2837 901 2892 Nostro
913 2837 1007 2898 diebus
1019 2839 1126 2894 alternis
1141 2850 1195 2896 sta-

111 2926 162 2981 zr'oe
176 2925 200 2974 is
215 2929 335 2987 strumae
349 2923 442 2988 χαλκόν.
463 2917 536 2972 Tum
554 2918 630 2970 inse-
678 2913 781 2968 tionem
795 2915 851 2970 eseli
862 2915 1065 2988 inferorumque
1082 2919 1152 2973 inter
1164 2939 1192 2974 se

113 2999 207 3070 quitur
220 2997 317 3066 ldarn,
337 3017 353 3051 a
375 3014 445 3068 quo,
465 2995 630 3066 Apollodoro
678 3003 792 3046 mutant.
802 2993 954 3050 Euststhius
971 2994 1003 3050 ad
1017 2997 1131 3052 Homeri
1146 2996 1194 3050 di·-

113 3086 239 3143 auctore,
251 3074 337 3146 lapide
348 3076 385 3130 ita
393 3092 531 3144 percussus
538 3083 590 3139 est,
600 3083 631 3126 ut
678 3081 752 3126 ctum
773 3071 861 3126 locum
882 3071 997 3128 fabulam
1018 3074 1143 3130 transfert
1159 3077 1194 3131 ad

112 3155 254 3210 oculorum
265 3154 348 3226 caligo
362 3153 528 3208 oboriretur:
537 3159 632 3215 Btescie
676 3149 750 3204 sidus
763 3149 959 3219 Geminorum,
972 3153 1033 3223 qui,
1050 3152 1116 3209 dum
1131 3166 1195 3210 suut

72 3289 79 3302 ,
111 3239 187 3309 crispe
196 3237 256 3288 mei
271 3235 440 3304 τΐςκεμλίς,
453 3241 531 3288 rime
543 3253 631 3286 sesso-
678 3229 728 3284 sub
747 3240 835 3297 terra,
855 3229 981 3285 videntur
998 3233 1098 3287 mortui
1115 3253 1193 3303 esse,

113 3319 170 3370 trie.
182 3309 236 3364 Sed
245 3309 353 3380 Jupiter
364 3309 465 3364 Polluci
475 3326 554 3378 opem
564 3307 631 3362 tulit.
679 3305 745 3361 dum
756 3309 898 3375 oriuntur,
917 3309 1019 3365 vivunt.
1033 3311 1119 3366 Aliter
1130 3313 1195 3368 Ma-

114 3397 172 3450 zrte
185 3388 208 3443 ο*
215 3388 249 3444 iir’
262 3387 304 3447 idn
316 3394 425 3467 :opfipn
434 3397 510 3457 11th
523 3392 631 3458 patim«
679 3387 801 3455 crobius,
816 3387 846 3454 l,
860 3387 968 3442 Saturn.
981 3407 1011 3442 ιι
1022 3408 1029 3442 :
1040 3410 1055 3436 o
1067 3389 1193 3458 Gemini,

113 3473 228 3544 erperode·
246 3466 385 3522 Pindarus.
404 3467 485 3538 Apud
502 3466 632 3520 eumdem
681 3487 695 3515 e
708 3466 755 3535 qui
772 3465 879 3520 alternis
889 3465 1020 3538 mortibus
1030 3467 1118 3522 virere
1133 3488 1195 3526 cre-

116 3547 214 3604 Pollux
224 3547 424 3618 rogastovem,
443 3546 630 3601 utseinterli-
681 3564 695 3592 s
709 3541 831 3612 duntur,
852 3543 916 3614 quid
932 3543 1020 3612 aliud,
1041 3545 1090 3600 nisi
1107 3547 1193 3600 solem

116 3629 187 3696 ciat,
201 3627 262 3697 quia
273 3627 341 3681 nolit
350 3645 405 3680 esse
414 3625 472 3680 sine
482 3625 633 3680 sociolsbo·
680 3642 694 3668 ν
709 3640 795 3676 uuum
820 3621 999 3692 eumdemque
1023 3623 1192 3694 significent,

117 3727 190 3761 rum.
199 3707 306 3777 Jupiter
312 3723 398 3759 unum
403 3705 540 3762 Pollucem
549 3724 633 3774 agno·
681 3721 695 3748 υ
708 3701 791 3754 modo
800 3698 1007 3756 descendentem
1017 3701 1045 3756 in
1055 3702 1108 3756 ima
1117 3721 1194 3758 mun·

118 3788 168 3842 scit
186 3785 272 3840 filiurn
292 3804 390 3852 suurn,
406 3784 517 3838 fratrem
537 3795 633 3838 netum
682 3801 696 3829 s
709 3779 1130 3846 di,modomundiinsummom
1138 3784 1196 3840 alti·

118 3886 176 3922 esse
188 3887 202 3920 e
213 3864 365 3937 Tyndareo.
377 3863 451 3918 Tum
461 3863 599 3934 optionem
607 3863 633 3916 ei
682 3857 833 3912 »tudinem
850 3869 1069 3929 resurgentem.»
1088 3888 1123 3905 ·-
1139 3863 1196 3919 Pro

118 3943 178 4013 dat,
191 3955 282 3998 utrum
292 3944 364 3997 solus
373 3943 436 3997 velit
447 3943 476 3996 in
486 3942 550 3997 crelo
559 3942 634 3997 babi-
680 3951 780 3992 ansere
787 3937 868 3993 Bern.
879 3943 988 4000 rumare.
996 3938 1029 3994 de
1037 3959 1091 4010 quo
1099 3941 1194 3996 Burm.

118 4034 192 4090 tare,
203 4041 238 4076 an
246 4033 346 4076 sortem
357 4021 450 4093 partiri
462 4039 523 4076 cum
535 4019 632 4089 fratre,
670 4018 851 4088 'cogitandum
864 4029 940 4089 putat
948 4018 1015 4084 esed
1026 4041 1116 4076 rems
1126 4043 1195 4095 sepe

118 4113 150 4154 ut
163 4100 305 4154 dimidium
320 4111 426 4170 ternpus
437 4100 473 4154 sit
483 4099 533 4154 sub
544 4110 633 4166 urea,
681 4099 714 4154 de
726 4099 855 4154 relatione
866 4101 938 4157 inter
948 4099 1019 4154 deos
1028 4100 1117 4156 Etiam
1123 4105 1195 4174 apud

117 4178 261 4234 dimidium
274 4181 303 4232 in
314 4179 385 4234 celo.
397 4178 493 4233 Pollux
503 4177 633 4249 posterius
682 4177 842 4249 Hyginum,
858 4175 909 4234 tab.
927 4181 976 4246 8⁰,
992 4178 1085 4236 Pollux
1098 4192 1194 4252 roget,

118 4257 234 4331 praeiret.
242 4258 283 4312 lta
291 4257 405 4314 alterum
412 4255 484 4312 diem
495 4273 556 4313 cum
564 4255 634 4308 Jove
681 4265 713 4309 ut
722 4253 772 4308 sibi
783 4253 859 4310 liceat
870 4273 1036 4310 maestum
1045 4255 1195 4312 cumfratre
