3025 5009
267 416 331 485 136
536 420 577 485 Ρ.
610 418 801 487 OVIDII
828 418 1066 490 NASONIS

258 560 354 649 Duc,
371 558 438 647 ait,
455 557 498 633 ad
516 558 659 635 Manes:
676 558 772 637 locus
787 558 844 635 ille
861 558 1039 637 silentibus
1054 578 1173 663 aptus:

309 673 483 775 Nympha,
503 674 562 749 sed
577 674 714 751 inferna
728 676 886 779 Nympha
902 674 1055 778 paludis,
1071 675 1145 751 erit.
1288 700 1347 752 διο

260 791 282 862 J
284 818 360 863 ussa
377 789 472 863 lovis
489 788 576 865 liunt
590 820 599 865 ε
614 790 743 893 occepit
759 788 857 867 lucus
870 810 1009 867 euntes:

310 907 445 983 Dicitur
459 906 518 982 illa
534 908 612 985 (luci
631 926 703 983 tum
718 906 885 1011 placuisse
899 910 986 983 Deo.

239 1025 243 1032 ’
261 1023 340 1099 vim
357 1042 453 1126 parat
470 1022 525 1099 bio
540 1023 659 1111 :uultu
677 1025 869 1127 proverbio
886 1023 945 1100 illa
961 1042 1137 1127 precatum

310 1142 358 1214 Et
373 1139 498 1215 frustra
514 1158 610 1223 muto
626 1140 750 1215 nititur
765 1169 823 1216 ore
840 1139 957 1244 loqui:

260 1255 381 1358 Fitque
397 1256 526 1352 gravis,
544 1258 762 1360 geminosque
773 1257 883 1361 parit,
901 1258 961 1361 qui
972 1258 1119 1360 compita
1127 1274 1346 1346 semant,615

311 1374 357 1446 Et
373 1372 513 1470 vigilant
526 1392 644 1451 nostra
661 1404 793 1477 semper
808 1375 844 1449 iu
862 1375 949 1466 ade,
967 1378 1079 1451 Lares.

262 1488 436 1565 Pnoxttus
455 1492 589 1587 cognati
606 1492 716 1569 dixere
735 1492 878 1568 Caristia
897 1492 986 1583 cari,

310 1608 357 1680 Et
373 1608 464 1682 veuit
480 1607 522 1683 ad
540 1609 646 1685 socias
662 1610 763 1685 turba
778 1610 973 1713 propinqua
988 1608 1099 1711 dapes.

259 1760 600 1832 ttuuactammanes,
613 1772 783 1825 Desertum
828 1768 974 1835 Heinsius,
997 1766 1161 1839 approbante
1179 1766 1345 1831 Taubnero,

260 1848 368 1905 Manes.
387 1858 449 1913 aut,
464 1867 548 1919 quum
563 1869 640 1904 versu
652 1871 707 1922 seq.
719 1850 780 1906 libri
827 1848 963 1904 invexerat
979 1852 1008 1901 r'ae
1023 1851 1084 1901 urbe
1098 1866 1114 1899 e
1132 1845 1204 1899 libris
1220 1844 1347 1915 autiquin

261 1923 385 1977 nonnulli
398 1926 542 1995 Nymphai»
553 1928 606 1981 hec
616 1927 720 1996 r'rrseme
730 1926 780 1981 ba-
827 1928 869 1982 lta
877 1925 904 1981 b.
912 1926 929 1981 Ι.
937 1945 993 1980 uon
1002 1925 1052 1979 uisi
1060 1922 1348 1995 publicihmdescri-

260 1999 357 2068 beant,
372 2005 432 2057 Bac
440 2005 651 2059 hancaddlaenes
661 2006 779 2077 (locresm
827 2006 964 2060 berentur.
981 2003 1035 2059 Sed
1049 2022 1100 2057 nos
1117 2002 1301 2058 revocavimus
1316 2005 1347 2054 r‘ae

260 2082 356 2148 aptus)
372 2084 529 2153 Nymphaia,
547 2088 602 2137 ar't:
613 2084 718 2154 insemae
728 2096 778 2139 etc.
826 2089 895 2149 ede,
911 2084 940 2140 id
949 2095 989 2140 est
999 2085 1028 2137 iu
1036 2082 1118 2138 domo
1126 2122 1134 2151 ,
1143 2101 1197 2152 quo
1207 2098 1290 2135 seusu
1300 2079 1348 2134 laic

263 2156 319 2211 Sed
327 2157 641 2215 Burmauu.seaberrima
651 2160 782 2231 bncjudi·
826 2162 965 2235 singuiaris
977 2162 1091 2233 Augusti
1098 2168 1174 2215 etate
1186 2158 1347 2229 [requenta-

262 2238 410 2289 ennom
419 2238 518 2306 recepit
528 2238 633 2292 lllitsch.
646 2238 781 2309 Equidem
827 2244 921 2306 batur3
934 2242 1030 2296 Horat.
1040 2242 1071 2307 1,
1084 2239 1139 2295 od.
1149 2254 1223 2305 xxx,
1235 2240 1259 2305 4
1271 2234 1346 2289 Vide

261 2333 320 2369 nou
332 2314 425 2384 video,
439 2316 503 2387 quid
515 2336 581 2387 opus
591 2318 625 2373 sit
637 2320 781 2373 nomentio-
828 2321 935 2375 Vitruv.
945 2321 989 2387 V,
1005 2340 1027 2372 r.
1039 2318 1085 2373 ste
1094 2335 1159 2388 erqo
1169 2326 1262 2370 unster
1270 2314 1346 2369 loeus

262 2412 318 2458 Μ,
337 2412 421 2464 quum
433 2394 536 2465 vulgata
551 2397 619 2451 bene
637 2396 782 2453 schabest
828 2400 883 2454 vim
897 2400 1019 2454 omnium
1032 2398 1159 2463 Larium,
1171 2408 1200 2450 et
1210 2394 1346 2466 publicam

263 2472 355 2526 Etiam
367 2472 395 2527 11
405 2473 516 2529 Metam.
527 2475 587 2541 8³5,
597 2474 780 2543 Mercurium,
828 2489 856 2534 et
865 2479 1011 2548 privatam,
1022 2475 1215 2546 complectitur.
1224 2473 1267 2539 V,
1281 2473 1345 2538 135,

263 2550 349 2604 lidum
356 2551 525 2621 ministrum,
539 2562 667 2609 «sevocat
677 2576 690 2601 ν
700 2553 783 2625 Jupi·
829 2559 863 2614 de
874 2558 985 2625 iisdem,
999 2566 1114 2626 presunt
1128 2558 1252 2609 menibus
1267 2553 1348 2607 Urbis

263 2644 313 2688 ter.
325 2634 445 2702 bluuus,
466 2654 519 2705 quo
532 2654 603 2690 nunc
614 2634 689 2706 iungi
704 2636 783 2704 jube·
828 2646 857 2690 et
867 2636 947 2705 paulo
956 2646 1031 2705 post,
1044 2642 1148 2688 sensa!
1156 2636 1265 2686 dom·
1275 2630 1348 2683 tte·-

264 2722 319 2779 tur,
330 2722 422 2783 aptum
430 2714 470 2779 ei,
480 2732 563 2783 quum
572 2714 654 2767 etism
663 2712 782 2768 deiunc-
828 2724 888 2767 tant
895 2724 989 2769 statue
999 2713 1111 2767 Laribus
1116 2730 1165 2778 pm
1172 2712 1258 2763 salute
1266 2716 1295 2761 et
1303 2712 1349 2761 ιἰ-

265 2791 350 2845 tnsad
361 2790 461 2847 inferos
469 2792 587 2847 duceret.
827 2795 1072 2847 whnitatedom
1079 2789 1177 2860 posite.

298 2870 356 2924 tin.
371 2872 476 2939 Accipit
486 2890 535 2925 uos
548 2870 635 2938 locus,
646 2888 728 2942 quern
737 2870 783 2925 in·
861 2870 989 2942 tin-tte
1002 2869 1055 2923 Die
1067 2869 1109 2924 xl
1120 2866 1182 2921 Kal.
1193 2866 1276 2919 Mart
1289 2863 1347 2918 sire

264 2950 423 3021 gredimur3
443 2955 609 3019 miurinus,
633 2972 681 3022 per
700 2972 783 3022 quem
829 2946 872 3003 die
892 2969 923 3023 ις
938 2948 1018 3003 Febr.
1033 2957 1113 3002 eraut
1130 2948 1262 3005 antus,
1285 2960 1346 3012 qun

264 3032 415 3087 transimus.
435 3031 510 3103 Vis-q.
528 3032 626 3105 Georg.
643 3033 701 3099 IV,
713 3034 781 3089 362:
828 3026 945 3081 breviter
960 3036 988 3081 et
1003 3026 1140 3097 perspicue
1158 3020 1347 3103 deseribuntur

266 3129 281 3154 s
295 3109 456 3179 Accepitque
470 3111 531 3163 sinu
546 3120 639 3179 vasto,
658 3110 782 3180 misitque
829 3124 845 3159 a
857 3104 946 3159 Valer.
958 3104 1032 3158 Max.
1044 3104 1091 3171 ll,
1107 3121 1137 3157 s:
1153 3123 1168 3149 ι
1181 3099 1346 3154 convivium

267 3206 282 3233 r
293 3186 342 3239 sub
350 3204 465 3239 amnem.
475 3188 610 3239 »dam
618 3197 783 3255 erantetpu·
830 3205 845 3232 s
857 3183 939 3239 etiarn
952 3182 1072 3237 solemne
1087 3181 1203 3249 majores
1216 3178 1346 3233 institue·-

267 3264 327 3318 blici
339 3275 366 3317 el
376 3265 478 3333 privati.
490 3264 544 3332 Hi,
561 3274 614 3322 Sul
627 3273 782 3333 sarsssidrar,
830 3283 846 3309 ¹·
858 3272 944 3329 runi,
963 3260 1044 3331 idque
1062 3258 1175 3314 Caristia
1191 3256 1345 3327 appellave-

265 3354 297 3397 ut
308 3343 336 3396 in
353 3342 482 3413 glossariis
493 3353 636 3410 vocantur,
645 3353 714 3397 tecta
722 3363 784 3397 eus-
830 3360 847 3388 s
858 3352 938 3409 runt,
950 3340 994 3394 cui
1003 3349 1099 3408 proter
1109 3346 1235 3408 osquatos
1245 3346 1274 3389 et
1285 3334 1347 3389 affi-

267 3422 419 3487 todiebant,
430 3420 466 3475 illi
473 3421 545 3476 vicos
551 3431 579 3475 et
589 3420 700 3488 itinera,
709 3420 782 3475 unde
831 3440 846 3467 π
858 3439 906 3473 nes
917 3437 1000 3474 nemo
1014 3418 1236 3488 interponebatur
1247 3437 1255 3470 ι
1266 3426 1312 3482 ut,
1323 3414 1346 3469 si

266 3500 783 3572 competalesetur'alesdicti,cultiquein
831 3491 1347 3567 »quainternecessariosquerelaesset

265 3586 389 3649 conpr'n's.
402 3577 505 3635 Confer
513 3578 548 3645 V,
563 3580 616 3654 139.
630 3579 665 3634 Et
672 3586 784 3649 competa
830 3596 846 3624 a
857 3586 931 3642 orta,
948 3574 1018 3645 apud
1034 3592 1107 3629 saera
1121 3590 1222 3626 menso
1235 3581 1263 3625 et
1275 3572 1347 3625 inter

266 3661 372 3714 Larium
388 3657 482 3714 Roma
499 3670 576 3714 erant
593 3660 657 3727 265,
675 3671 783 3715 auctore
831 3673 847 3701 ¹·
858 3648 1346 3719 hilarihtemvuimowm,lwlotibu³

266 3739 337 3794 Plin.
352 3739 421 3793 Hist„
435 3738 496 3793 Nat.
505 3737 566 3803 111,
584 3754 632 3805 u,
645 3758 703 3809 pag.
718 3739 782 3807 155,
831 3753 847 3781 υ
857 3729 1007 3786 eoncordia
1017 3728 1158 3798 adhibitis,
1174 3728 1346 3785 tolleretur.»

267 3816 354 3872 Hard.
368 3815 527 3888 Compitalia
542 3825 569 3871 et
585 3815 660 3871 ludos
674 3816 783 3873 Laribus
830 3808 984 3865 -Ovidius
993 3808 1113 3878 primum
1123 3824 1231 3861 oausam
1241 3806 1345 3873 reddit,

267 3896 370 3966 primus
395 3897 509 3951 instituit
529 3896 637 3951 Servius
659 3896 782 3962 Tullius;
831 3910 944 3961 eamque
956 3891 1018 3944 satis
1028 3888 1209 3959 probabilem,
1223 3905 1272 3941 sur
1288 3896 1346 3957 post

267 3974 379 4047 Dionys.
386 3974 447 4028 Hal.
456 3974 507 4044 IV,
519 3974 782 4043 14;Plin.xxxv1,
832 3971 934 4026 Feralia
942 3970 1031 4025 statim
1041 3968 1155 4023 Caristia
1164 3966 1219 4021 sint
1228 3966 1345 4021 celebra-

267 4072 299 4125 7⁰
311 4072 318 4107 z
329 4054 496 4123 restituitque
507 4054 669 4125 Tarquinius
681 4052 784 4123 Super-
831 4061 873 4116 ta,
886 4060 913 4104 et
925 4048 1042 4120 epitheto
1051 4052 1110 4101 cad
1115 4046 1246 4117 originem
1255 4044 1345 4097 nomi

265 4131 330 4195 bus;
345 4130 500 4196 Macrobl,
512 4130 566 4185 Sat.
580 4152 601 4199 7.
610 4158 644 4172 -
655 4132 781 4198 Wffr'lare,
831 4129 873 4182 nis
885 4126 1032 4182 iudicat-
1043 4128 1134 4181 Socr'as
1144 4128 1225 4194 dapes
1232 4123 1344 4177 illustrat

264 4222 294 4267 ut
304 4214 447 4276 custodite,
464 4208 497 4279 de
510 4208 568 4265 Diis
580 4208 783 4265 tutelarum·
832 4207 927 4264 Heius.
945 4207 989 4264 sie
1004 4212 1105 4264 socrhoe
1120 4210 1249 4275 sapen,
1267 4221 1343 4257 aen-
